instrument_token,symbol,last_price,volume_traded,oi,bid_price,ask_price,exchange_timestamp,session_date
2939649,LT,3951.1,2158778,0,,2026-03-06 15:05:31,2026-03-06 15:05:31,2026-03-06
4598529,NESTLEIND,1250.4,601215,0,,2026-03-06 15:05:31,2026-03-06 15:05:31,2026-03-06
2953217,TCS,2555.3,3506984,0,,2026-03-06 15:05:30,2026-03-06 15:05:30,2026-03-06
1270529,ICICIBANK,1311.3,19387750,0,,2026-03-06 15:05:31,2026-03-06 15:05:31,2026-03-06
2714625,BHARTIARTL,1868.9,8867877,0,,2026-03-06 15:05:32,2026-03-06 15:05:32,2026-03-06
738561,RELIANCE,1404.5,17520788,0,,2026-03-06 15:05:32,2026-03-06 15:05:32,2026-03-06
81153,BAJFINANCE,949.25,5358529,0,,2026-03-06 15:05:32,2026-03-06 15:05:32,2026-03-06
897537,TITAN,4253.5,448541,0,,2026-03-06 15:05:32,2026-03-06 15:05:32,2026-03-06
2815745,MARUTI,14179.0,332654,0,,2026-03-06 15:05:32,2026-03-06 15:05:32,2026-03-06
356865,HINDUNILVR,2224.7,1320536,0,,2026-03-06 15:05:32,2026-03-06 15:05:32,2026-03-06
857857,SUNPHARMA,1801.0,3002446,0,,2026-03-06 15:05:33,2026-03-06 15:05:33,2026-03-06
2952193,ULTRACEMCO,11999.0,248437,0,,2026-03-06 15:05:32,2026-03-06 15:05:32,2026-03-06
969473,WIPRO,195.06,7113217,0,,2026-03-06 15:05:32,2026-03-06 15:05:32,2026-03-06
1270529,ICICIBANK,1311.4,19388268,0,,2026-03-06 15:05:33,2026-03-06 15:05:33,2026-03-06
1850625,HCLTECH,1357.2,1495727,0,,2026-03-06 15:05:33,2026-03-06 15:05:33,2026-03-06
2953217,TCS,2555.3,3507601,0,,2026-03-06 15:05:33,2026-03-06 15:05:33,2026-03-06
424961,ITC,309.75,19817568,0,,2026-03-06 15:05:33,2026-03-06 15:05:33,2026-03-06
969473,WIPRO,195.06,7113217,0,,2026-03-06 15:05:33,2026-03-06 15:05:33,2026-03-06
60417,ASIANPAINT,2281.5,827856,0,,2026-03-06 15:05:33,2026-03-06 15:05:33,2026-03-06
738561,RELIANCE,1404.6,17523806,0,,2026-03-06 15:05:33,2026-03-06 15:05:33,2026-03-06
2714625,BHARTIARTL,1868.9,8869161,0,,2026-03-06 15:05:33,2026-03-06 15:05:33,2026-03-06
341249,HDFCBANK,857.3,29831723,0,,2026-03-06 15:05:34,2026-03-06 15:05:34,2026-03-06
424961,ITC,309.75,19817945,0,,2026-03-06 15:05:34,2026-03-06 15:05:34,2026-03-06
408065,INFY,1307.4,7617201,0,,2026-03-06 15:05:34,2026-03-06 15:05:34,2026-03-06
1510401,AXISBANK,1317.1,10603582,0,,2026-03-06 15:05:34,2026-03-06 15:05:34,2026-03-06
897537,TITAN,4253.5,448632,0,,2026-03-06 15:05:35,2026-03-06 15:05:35,2026-03-06
2939649,LT,3951.1,2158870,0,,2026-03-06 15:05:35,2026-03-06 15:05:35,2026-03-06
2714625,BHARTIARTL,1868.8,8870455,0,,2026-03-06 15:05:35,2026-03-06 15:05:35,2026-03-06
2815745,MARUTI,14174.0,333637,0,,2026-03-06 15:05:35,2026-03-06 15:05:35,2026-03-06
408065,INFY,1307.5,7617443,0,,2026-03-06 15:05:35,2026-03-06 15:05:35,2026-03-06
4598529,NESTLEIND,1250.3,601427,0,,2026-03-06 15:05:35,2026-03-06 15:05:35,2026-03-06
424961,ITC,309.75,19818264,0,,2026-03-06 15:05:36,2026-03-06 15:05:36,2026-03-06
356865,HINDUNILVR,2223.2,1325246,0,,2026-03-06 15:05:35,2026-03-06 15:05:35,2026-03-06
738561,RELIANCE,1404.5,17531031,0,,2026-03-06 15:05:36,2026-03-06 15:05:36,2026-03-06
1510401,AXISBANK,1317.0,10604094,0,,2026-03-06 15:05:36,2026-03-06 15:05:36,2026-03-06
60417,ASIANPAINT,2281.5,829347,0,,2026-03-06 15:05:34,2026-03-06 15:05:34,2026-03-06
2953217,TCS,2555.3,3507601,0,,2026-03-06 15:05:36,2026-03-06 15:05:36,2026-03-06
1850625,HCLTECH,1357.2,1497088,0,,2026-03-06 15:05:35,2026-03-06 15:05:35,2026-03-06
341249,HDFCBANK,857.15,29840065,0,,2026-03-06 15:05:37,2026-03-06 15:05:37,2026-03-06
738561,RELIANCE,1404.5,17533230,0,,2026-03-06 15:05:37,2026-03-06 15:05:37,2026-03-06
4598529,NESTLEIND,1250.3,601476,0,,2026-03-06 15:05:37,2026-03-06 15:05:37,2026-03-06
2815745,MARUTI,14172.0,333724,0,,2026-03-06 15:05:37,2026-03-06 15:05:37,2026-03-06
1270529,ICICIBANK,1311.4,19395067,0,,2026-03-06 15:05:38,2026-03-06 15:05:38,2026-03-06
1510401,AXISBANK,1316.5,10605001,0,,2026-03-06 15:05:38,2026-03-06 15:05:38,2026-03-06
857857,SUNPHARMA,1801.0,3003964,0,,2026-03-06 15:05:37,2026-03-06 15:05:37,2026-03-06
2714625,BHARTIARTL,1868.7,8872311,0,,2026-03-06 15:05:38,2026-03-06 15:05:38,2026-03-06
341249,HDFCBANK,857.2,29840065,0,,2026-03-06 15:05:38,2026-03-06 15:05:38,2026-03-06
492033,KOTAKBANK,399.8,14547227,0,,2026-03-06 15:05:38,2026-03-06 15:05:38,2026-03-06
2815745,MARUTI,14171.0,333725,0,,2026-03-06 15:05:38,2026-03-06 15:05:38,2026-03-06
408065,INFY,1307.4,7618046,0,,2026-03-06 15:05:38,2026-03-06 15:05:38,2026-03-06
738561,RELIANCE,1404.6,17533760,0,,2026-03-06 15:05:38,2026-03-06 15:05:38,2026-03-06
4598529,NESTLEIND,1250.0,603251,0,,2026-03-06 15:05:38,2026-03-06 15:05:38,2026-03-06
2953217,TCS,2555.3,3509920,0,,2026-03-06 15:05:37,2026-03-06 15:05:37,2026-03-06
897537,TITAN,4253.4,448777,0,,2026-03-06 15:05:38,2026-03-06 15:05:38,2026-03-06
2815745,MARUTI,14173.0,333893,0,,2026-03-06 15:05:39,2026-03-06 15:05:39,2026-03-06
4598529,NESTLEIND,1250.0,603261,0,,2026-03-06 15:05:39,2026-03-06 15:05:39,2026-03-06
1510401,AXISBANK,1317.0,10605362,0,,2026-03-06 15:05:39,2026-03-06 15:05:39,2026-03-06
492033,KOTAKBANK,399.75,14549005,0,,2026-03-06 15:05:39,2026-03-06 15:05:39,2026-03-06
897537,TITAN,4252.8,448783,0,,2026-03-06 15:05:40,2026-03-06 15:05:40,2026-03-06
857857,SUNPHARMA,1801.0,3006727,0,,2026-03-06 15:05:40,2026-03-06 15:05:40,2026-03-06
81153,BAJFINANCE,949.0,5360551,0,,2026-03-06 15:05:40,2026-03-06 15:05:40,2026-03-06
2714625,BHARTIARTL,1869.1,8894841,0,,2026-03-06 15:05:41,2026-03-06 15:05:41,2026-03-06
408065,INFY,1307.5,7619234,0,,2026-03-06 15:05:40,2026-03-06 15:05:40,2026-03-06
969473,WIPRO,195.1,7133695,0,,2026-03-06 15:05:41,2026-03-06 15:05:41,2026-03-06
1270529,ICICIBANK,1311.1,19402013,0,,2026-03-06 15:05:42,2026-03-06 15:05:42,2026-03-06
897537,TITAN,4252.5,448790,0,,2026-03-06 15:05:41,2026-03-06 15:05:41,2026-03-06
341249,HDFCBANK,857.25,29863664,0,,2026-03-06 15:05:42,2026-03-06 15:05:42,2026-03-06
2714625,BHARTIARTL,1869.9,8905387,0,,2026-03-06 15:05:43,2026-03-06 15:05:43,2026-03-06
81153,BAJFINANCE,949.0,5361041,0,,2026-03-06 15:05:43,2026-03-06 15:05:43,2026-03-06
424961,ITC,309.75,19821460,0,,2026-03-06 15:05:42,2026-03-06 15:05:42,2026-03-06
2714625,BHARTIARTL,1870.1,8905387,0,,2026-03-06 15:05:43,2026-03-06 15:05:43,2026-03-06
897537,TITAN,4253.0,448790,0,,2026-03-06 15:05:43,2026-03-06 15:05:43,2026-03-06
341249,HDFCBANK,857.3,29872260,0,,2026-03-06 15:05:43,2026-03-06 15:05:43,2026-03-06
408065,INFY,1307.5,7621003,0,,2026-03-06 15:05:43,2026-03-06 15:05:43,2026-03-06
738561,RELIANCE,1404.5,17539212,0,,2026-03-06 15:05:43,2026-03-06 15:05:43,2026-03-06
2939649,LT,3951.1,2159744,0,,2026-03-06 15:05:43,2026-03-06 15:05:43,2026-03-06
857857,SUNPHARMA,1801.0,3007902,0,,2026-03-06 15:05:43,2026-03-06 15:05:43,2026-03-06
2953217,TCS,2555.3,3512565,0,,2026-03-06 15:05:44,2026-03-06 15:05:44,2026-03-06
408065,INFY,1307.7,7622112,0,,2026-03-06 15:05:44,2026-03-06 15:05:44,2026-03-06
2714625,BHARTIARTL,1869.5,8905759,0,,2026-03-06 15:05:44,2026-03-06 15:05:44,2026-03-06
738561,RELIANCE,1404.6,17540928,0,,2026-03-06 15:05:44,2026-03-06 15:05:44,2026-03-06
81153,BAJFINANCE,948.95,5361231,0,,2026-03-06 15:05:44,2026-03-06 15:05:44,2026-03-06
857857,SUNPHARMA,1801.0,3007902,0,,2026-03-06 15:05:44,2026-03-06 15:05:44,2026-03-06
4598529,NESTLEIND,1250.4,604474,0,,2026-03-06 15:05:44,2026-03-06 15:05:44,2026-03-06
857857,SUNPHARMA,1801.0,3008015,0,,2026-03-06 15:05:45,2026-03-06 15:05:45,2026-03-06
2714625,BHARTIARTL,1869.7,8906219,0,,2026-03-06 15:05:45,2026-03-06 15:05:45,2026-03-06
341249,HDFCBANK,857.45,29887607,0,,2026-03-06 15:05:45,2026-03-06 15:05:45,2026-03-06
2815745,MARUTI,14175.0,334073,0,,2026-03-06 15:05:45,2026-03-06 15:05:45,2026-03-06
408065,INFY,1307.6,7622357,0,,2026-03-06 15:05:45,2026-03-06 15:05:45,2026-03-06
738561,RELIANCE,1404.6,17540928,0,,2026-03-06 15:05:45,2026-03-06 15:05:45,2026-03-06
4598529,NESTLEIND,1250.7,604644,0,,2026-03-06 15:05:46,2026-03-06 15:05:46,2026-03-06
492033,KOTAKBANK,399.7,14562842,0,,2026-03-06 15:05:45,2026-03-06 15:05:45,2026-03-06
2939649,LT,3952.2,2159881,0,,2026-03-06 15:05:45,2026-03-06 15:05:45,2026-03-06
492033,KOTAKBANK,399.75,14573804,0,,2026-03-06 15:05:46,2026-03-06 15:05:46,2026-03-06
1510401,AXISBANK,1317.0,10610409,0,,2026-03-06 15:05:45,2026-03-06 15:05:45,2026-03-06
897537,TITAN,4252.6,448848,0,,2026-03-06 15:05:46,2026-03-06 15:05:46,2026-03-06
81153,BAJFINANCE,949.0,5362240,0,,2026-03-06 15:05:46,2026-03-06 15:05:46,2026-03-06
897537,TITAN,4252.9,448848,0,,2026-03-06 15:05:46,2026-03-06 15:05:46,2026-03-06
492033,KOTAKBANK,399.7,14573804,0,,2026-03-06 15:05:46,2026-03-06 15:05:46,2026-03-06
2939649,LT,3951.4,2159888,0,,2026-03-06 15:05:47,2026-03-06 15:05:47,2026-03-06
341249,HDFCBANK,857.5,29892945,0,,2026-03-06 15:05:47,2026-03-06 15:05:47,2026-03-06
2815745,MARUTI,14178.0,334385,0,,2026-03-06 15:05:47,2026-03-06 15:05:47,2026-03-06
408065,INFY,1308.0,7623266,0,,2026-03-06 15:05:46,2026-03-06 15:05:46,2026-03-06
738561,RELIANCE,1404.5,17544856,0,,2026-03-06 15:05:47,2026-03-06 15:05:47,2026-03-06
4598529,NESTLEIND,1250.8,604648,0,,2026-03-06 15:05:47,2026-03-06 15:05:47,2026-03-06
2714625,BHARTIARTL,1869.6,8907981,0,,2026-03-06 15:05:47,2026-03-06 15:05:47,2026-03-06
424961,ITC,309.8,19830915,0,,2026-03-06 15:05:47,2026-03-06 15:05:47,2026-03-06
969473,WIPRO,195.14,7133963,0,,2026-03-06 15:05:47,2026-03-06 15:05:47,2026-03-06
857857,SUNPHARMA,1801.0,3009779,0,,2026-03-06 15:05:48,2026-03-06 15:05:48,2026-03-06
492033,KOTAKBANK,399.75,14581197,0,,2026-03-06 15:05:48,2026-03-06 15:05:48,2026-03-06
738561,RELIANCE,1404.6,17544939,0,,2026-03-06 15:05:48,2026-03-06 15:05:48,2026-03-06
2815745,MARUTI,14178.0,334399,0,,2026-03-06 15:05:48,2026-03-06 15:05:48,2026-03-06
60417,ASIANPAINT,2281.5,829728,0,,2026-03-06 15:05:47,2026-03-06 15:05:47,2026-03-06
408065,INFY,1307.9,7623993,0,,2026-03-06 15:05:48,2026-03-06 15:05:48,2026-03-06
1270529,ICICIBANK,1311.3,19411987,0,,2026-03-06 15:05:49,2026-03-06 15:05:49,2026-03-06
81153,BAJFINANCE,949.0,5363231,0,,2026-03-06 15:05:48,2026-03-06 15:05:48,2026-03-06
2714625,BHARTIARTL,1869.5,8908621,0,,2026-03-06 15:05:49,2026-03-06 15:05:49,2026-03-06
492033,KOTAKBANK,399.85,14581271,0,,2026-03-06 15:05:49,2026-03-06 15:05:49,2026-03-06
2939649,LT,3953.2,2159976,0,,2026-03-06 15:05:49,2026-03-06 15:05:49,2026-03-06
356865,HINDUNILVR,2225.5,1327965,0,,2026-03-06 15:05:48,2026-03-06 15:05:48,2026-03-06
1510401,AXISBANK,1317.1,10611308,0,,2026-03-06 15:05:50,2026-03-06 15:05:50,2026-03-06
424961,ITC,309.8,19832879,0,,2026-03-06 15:05:50,2026-03-06 15:05:50,2026-03-06
738561,RELIANCE,1404.5,17550449,0,,2026-03-06 15:05:50,2026-03-06 15:05:50,2026-03-06
492033,KOTAKBANK,399.75,14581912,0,,2026-03-06 15:05:50,2026-03-06 15:05:50,2026-03-06
2939649,LT,3953.0,2160064,0,,2026-03-06 15:05:50,2026-03-06 15:05:50,2026-03-06
2953217,TCS,2555.8,3516038,0,,2026-03-06 15:05:50,2026-03-06 15:05:50,2026-03-06
857857,SUNPHARMA,1801.0,3011345,0,,2026-03-06 15:05:50,2026-03-06 15:05:50,2026-03-06
2714625,BHARTIARTL,1869.6,8909572,0,,2026-03-06 15:05:50,2026-03-06 15:05:50,2026-03-06
1270529,ICICIBANK,1311.3,19414156,0,,2026-03-06 15:05:51,2026-03-06 15:05:51,2026-03-06
4598529,NESTLEIND,1250.9,604965,0,,2026-03-06 15:05:51,2026-03-06 15:05:51,2026-03-06
81153,BAJFINANCE,949.55,5376299,0,,2026-03-06 15:05:52,2026-03-06 15:05:52,2026-03-06
2815745,MARUTI,14178.0,334421,0,,2026-03-06 15:05:53,2026-03-06 15:05:53,2026-03-06
408065,INFY,1307.9,7626662,0,,2026-03-06 15:05:52,2026-03-06 15:05:52,2026-03-06
2939649,LT,3953.0,2160117,0,,2026-03-06 15:05:53,2026-03-06 15:05:53,2026-03-06
2953217,TCS,2555.8,3516192,0,,2026-03-06 15:05:53,2026-03-06 15:05:53,2026-03-06
857857,SUNPHARMA,1801.0,3011345,0,,2026-03-06 15:05:51,2026-03-06 15:05:51,2026-03-06
2714625,BHARTIARTL,1869.5,8910447,0,,2026-03-06 15:05:53,2026-03-06 15:05:53,2026-03-06
2714625,BHARTIARTL,1869.6,8911424,0,,2026-03-06 15:05:53,2026-03-06 15:05:53,2026-03-06
2953217,TCS,2555.9,3516393,0,,2026-03-06 15:05:54,2026-03-06 15:05:54,2026-03-06
81153,BAJFINANCE,949.5,5377140,0,,2026-03-06 15:05:54,2026-03-06 15:05:54,2026-03-06
341249,HDFCBANK,857.45,29907422,0,,2026-03-06 15:05:54,2026-03-06 15:05:54,2026-03-06
4598529,NESTLEIND,1250.9,604972,0,,2026-03-06 15:05:54,2026-03-06 15:05:54,2026-03-06
2953217,TCS,2555.9,3516468,0,,2026-03-06 15:05:55,2026-03-06 15:05:55,2026-03-06
1270529,ICICIBANK,1311.2,19416915,0,,2026-03-06 15:05:56,2026-03-06 15:05:56,2026-03-06
4598529,NESTLEIND,1250.4,608163,0,,2026-03-06 15:05:56,2026-03-06 15:05:56,2026-03-06
2815745,MARUTI,14172.0,334493,0,,2026-03-06 15:05:57,2026-03-06 15:05:57,2026-03-06
81153,BAJFINANCE,949.65,5379281,0,,2026-03-06 15:05:58,2026-03-06 15:05:58,2026-03-06
1510401,AXISBANK,1317.0,10628438,0,,2026-03-06 15:05:57,2026-03-06 15:05:57,2026-03-06
341249,HDFCBANK,857.5,29957274,0,,2026-03-06 15:05:58,2026-03-06 15:05:58,2026-03-06
2939649,LT,3953.0,2160224,0,,2026-03-06 15:05:57,2026-03-06 15:05:57,2026-03-06
857857,SUNPHARMA,1801.0,3013725,0,,2026-03-06 15:05:58,2026-03-06 15:05:58,2026-03-06
408065,INFY,1307.9,7629768,0,,2026-03-06 15:05:58,2026-03-06 15:05:58,2026-03-06
408065,INFY,1307.9,7629784,0,,2026-03-06 15:05:59,2026-03-06 15:05:59,2026-03-06
2953217,TCS,2556.3,3516779,0,,2026-03-06 15:05:59,2026-03-06 15:05:59,2026-03-06
81153,BAJFINANCE,949.7,5379283,0,,2026-03-06 15:05:59,2026-03-06 15:05:59,2026-03-06
2952193,ULTRACEMCO,11998.0,248646,0,,2026-03-06 15:05:58,2026-03-06 15:05:58,2026-03-06
897537,TITAN,4252.0,449259,0,,2026-03-06 15:05:58,2026-03-06 15:05:58,2026-03-06
2815745,MARUTI,14172.0,334495,0,,2026-03-06 15:05:58,2026-03-06 15:05:58,2026-03-06
2939649,LT,3952.7,2160277,0,,2026-03-06 15:05:58,2026-03-06 15:05:58,2026-03-06
738561,RELIANCE,1403.8,17565419,0,,2026-03-06 15:05:58,2026-03-06 15:05:58,2026-03-06
4598529,NESTLEIND,1250.5,608211,0,,2026-03-06 15:06:00,2026-03-06 15:06:00,2026-03-06
1510401,AXISBANK,1317.0,10630540,0,,2026-03-06 15:06:01,2026-03-06 15:06:01,2026-03-06
492033,KOTAKBANK,399.65,14609148,0,,2026-03-06 15:06:01,2026-03-06 15:06:01,2026-03-06
2714625,BHARTIARTL,1869.5,8920413,0,,2026-03-06 15:06:01,2026-03-06 15:06:01,2026-03-06
2939649,LT,3953.0,2160370,0,,2026-03-06 15:06:01,2026-03-06 15:06:01,2026-03-06
1270529,ICICIBANK,1311.1,19423792,0,,2026-03-06 15:06:01,2026-03-06 15:06:01,2026-03-06
81153,BAJFINANCE,949.8,5380606,0,,2026-03-06 15:06:01,2026-03-06 15:06:01,2026-03-06
4598529,NESTLEIND,1250.6,608263,0,,2026-03-06 15:06:02,2026-03-06 15:06:02,2026-03-06
738561,RELIANCE,1404.2,17597835,0,,2026-03-06 15:06:02,2026-03-06 15:06:02,2026-03-06
2953217,TCS,2556.3,3516946,0,,2026-03-06 15:06:02,2026-03-06 15:06:02,2026-03-06
2815745,MARUTI,14174.0,334528,0,,2026-03-06 15:06:01,2026-03-06 15:06:01,2026-03-06
408065,INFY,1307.7,7631278,0,,2026-03-06 15:06:02,2026-03-06 15:06:02,2026-03-06
4598529,NESTLEIND,1250.7,608263,0,,2026-03-06 15:06:02,2026-03-06 15:06:02,2026-03-06
1850625,HCLTECH,1357.7,1506588,0,,2026-03-06 15:06:01,2026-03-06 15:06:01,2026-03-06
1270529,ICICIBANK,1311.0,19423792,0,,2026-03-06 15:06:02,2026-03-06 15:06:02,2026-03-06
1510401,AXISBANK,1317.0,10630977,0,,2026-03-06 15:06:02,2026-03-06 15:06:02,2026-03-06
424961,ITC,309.8,19856171,0,,2026-03-06 15:06:02,2026-03-06 15:06:02,2026-03-06
356865,HINDUNILVR,2225.2,1329453,0,,2026-03-06 15:06:02,2026-03-06 15:06:02,2026-03-06
4598529,NESTLEIND,1250.6,608297,0,,2026-03-06 15:06:03,2026-03-06 15:06:03,2026-03-06
1270529,ICICIBANK,1311.1,19426236,0,,2026-03-06 15:06:03,2026-03-06 15:06:03,2026-03-06
1510401,AXISBANK,1316.9,10631108,0,,2026-03-06 15:06:03,2026-03-06 15:06:03,2026-03-06
81153,BAJFINANCE,949.8,5380780,0,,2026-03-06 15:06:03,2026-03-06 15:06:03,2026-03-06
2815745,MARUTI,14174.0,334548,0,,2026-03-06 15:06:03,2026-03-06 15:06:03,2026-03-06
492033,KOTAKBANK,399.7,14610078,0,,2026-03-06 15:06:05,2026-03-06 15:06:05,2026-03-06
4598529,NESTLEIND,1250.7,608310,0,,2026-03-06 15:06:05,2026-03-06 15:06:05,2026-03-06
2952193,ULTRACEMCO,11998.0,248739,0,,2026-03-06 15:06:04,2026-03-06 15:06:04,2026-03-06
356865,HINDUNILVR,2225.2,1329792,0,,2026-03-06 15:06:05,2026-03-06 15:06:05,2026-03-06
341249,HDFCBANK,857.7,30026658,0,,2026-03-06 15:06:05,2026-03-06 15:06:05,2026-03-06
408065,INFY,1307.7,7632762,0,,2026-03-06 15:06:05,2026-03-06 15:06:05,2026-03-06
4598529,NESTLEIND,1250.5,608312,0,,2026-03-06 15:06:06,2026-03-06 15:06:06,2026-03-06
2953217,TCS,2556.2,3518088,0,,2026-03-06 15:06:06,2026-03-06 15:06:06,2026-03-06
81153,BAJFINANCE,949.75,5381629,0,,2026-03-06 15:06:06,2026-03-06 15:06:06,2026-03-06
738561,RELIANCE,1403.8,17603379,0,,2026-03-06 15:06:06,2026-03-06 15:06:06,2026-03-06
897537,TITAN,4252.4,449378,0,,2026-03-06 15:06:05,2026-03-06 15:06:05,2026-03-06
492033,KOTAKBANK,399.65,14610088,0,,2026-03-06 15:06:06,2026-03-06 15:06:06,2026-03-06
2815745,MARUTI,14174.0,334563,0,,2026-03-06 15:06:06,2026-03-06 15:06:06,2026-03-06
1510401,AXISBANK,1316.8,10631463,0,,2026-03-06 15:06:06,2026-03-06 15:06:06,2026-03-06
356865,HINDUNILVR,2225.2,1329832,0,,2026-03-06 15:06:06,2026-03-06 15:06:06,2026-03-06
1270529,ICICIBANK,1311.1,19433489,0,,2026-03-06 15:06:07,2026-03-06 15:06:07,2026-03-06
2939649,LT,3951.3,2160863,0,,2026-03-06 15:06:07,2026-03-06 15:06:07,2026-03-06
408065,INFY,1307.7,7633400,0,,2026-03-06 15:06:06,2026-03-06 15:06:06,2026-03-06
738561,RELIANCE,1403.8,17604439,0,,2026-03-06 15:06:07,2026-03-06 15:06:07,2026-03-06
2714625,BHARTIARTL,1869.7,8924522,0,,2026-03-06 15:06:07,2026-03-06 15:06:07,2026-03-06
492033,KOTAKBANK,399.7,14619307,0,,2026-03-06 15:06:07,2026-03-06 15:06:07,2026-03-06
2952193,ULTRACEMCO,11998.0,248739,0,,2026-03-06 15:06:06,2026-03-06 15:06:06,2026-03-06
2953217,TCS,2556.2,3518121,0,,2026-03-06 15:06:08,2026-03-06 15:06:08,2026-03-06
356865,HINDUNILVR,2225.0,1329919,0,,2026-03-06 15:06:09,2026-03-06 15:06:09,2026-03-06
738561,RELIANCE,1403.8,17605557,0,,2026-03-06 15:06:09,2026-03-06 15:06:09,2026-03-06
4598529,NESTLEIND,1250.6,608569,0,,2026-03-06 15:06:09,2026-03-06 15:06:09,2026-03-06
2953217,TCS,2556.1,3518134,0,,2026-03-06 15:06:09,2026-03-06 15:06:09,2026-03-06
81153,BAJFINANCE,949.55,5382489,0,,2026-03-06 15:06:09,2026-03-06 15:06:09,2026-03-06
2815745,MARUTI,14172.0,334590,0,,2026-03-06 15:06:09,2026-03-06 15:06:09,2026-03-06
1850625,HCLTECH,1357.7,1507045,0,,2026-03-06 15:06:08,2026-03-06 15:06:08,2026-03-06
1510401,AXISBANK,1317.0,10633210,0,,2026-03-06 15:06:09,2026-03-06 15:06:09,2026-03-06
1270529,ICICIBANK,1311.0,19433789,0,,2026-03-06 15:06:10,2026-03-06 15:06:10,2026-03-06
424961,ITC,309.8,19857680,0,,2026-03-06 15:06:09,2026-03-06 15:06:09,2026-03-06
356865,HINDUNILVR,2225.1,1329921,0,,2026-03-06 15:06:10,2026-03-06 15:06:10,2026-03-06
408065,INFY,1307.7,7637548,0,,2026-03-06 15:06:10,2026-03-06 15:06:10,2026-03-06
4598529,NESTLEIND,1250.5,608600,0,,2026-03-06 15:06:10,2026-03-06 15:06:10,2026-03-06
1270529,ICICIBANK,1311.1,19440175,0,,2026-03-06 15:06:11,2026-03-06 15:06:11,2026-03-06
2714625,BHARTIARTL,1869.6,8926756,0,,2026-03-06 15:06:11,2026-03-06 15:06:11,2026-03-06
492033,KOTAKBANK,399.75,14626361,0,,2026-03-06 15:06:11,2026-03-06 15:06:11,2026-03-06
2939649,LT,3952.5,2161213,0,,2026-03-06 15:06:11,2026-03-06 15:06:11,2026-03-06
738561,RELIANCE,1403.8,17606449,0,,2026-03-06 15:06:11,2026-03-06 15:06:11,2026-03-06
408065,INFY,1307.7,7638383,0,,2026-03-06 15:06:12,2026-03-06 15:06:12,2026-03-06
4598529,NESTLEIND,1250.4,608679,0,,2026-03-06 15:06:12,2026-03-06 15:06:12,2026-03-06
738561,RELIANCE,1403.7,17607020,0,,2026-03-06 15:06:12,2026-03-06 15:06:12,2026-03-06
1270529,ICICIBANK,1311.0,19445385,0,,2026-03-06 15:06:12,2026-03-06 15:06:12,2026-03-06
81153,BAJFINANCE,949.3,5382818,0,,2026-03-06 15:06:12,2026-03-06 15:06:12,2026-03-06
2952193,ULTRACEMCO,11990.0,248848,0,,2026-03-06 15:06:11,2026-03-06 15:06:11,2026-03-06
2815745,MARUTI,14172.0,334608,0,,2026-03-06 15:06:12,2026-03-06 15:06:12,2026-03-06
2939649,LT,3952.1,2161235,0,,2026-03-06 15:06:12,2026-03-06 15:06:12,2026-03-06
356865,HINDUNILVR,2225.0,1329957,0,,2026-03-06 15:06:12,2026-03-06 15:06:12,2026-03-06
1270529,ICICIBANK,1311.1,19447834,0,,2026-03-06 15:06:13,2026-03-06 15:06:13,2026-03-06
857857,SUNPHARMA,1800.6,3020067,0,,2026-03-06 15:06:12,2026-03-06 15:06:12,2026-03-06
1510401,AXISBANK,1316.8,10633879,0,,2026-03-06 15:06:13,2026-03-06 15:06:13,2026-03-06
341249,HDFCBANK,857.55,30045412,0,,2026-03-06 15:06:13,2026-03-06 15:06:13,2026-03-06
1510401,AXISBANK,1316.7,10634338,0,,2026-03-06 15:06:14,2026-03-06 15:06:14,2026-03-06
341249,HDFCBANK,857.55,30046111,0,,2026-03-06 15:06:14,2026-03-06 15:06:14,2026-03-06
2815745,MARUTI,14178.0,334984,0,,2026-03-06 15:06:14,2026-03-06 15:06:14,2026-03-06
356865,HINDUNILVR,2225.1,1330140,0,,2026-03-06 15:06:14,2026-03-06 15:06:14,2026-03-06
4598529,NESTLEIND,1250.4,608753,0,,2026-03-06 15:06:14,2026-03-06 15:06:14,2026-03-06
2953217,TCS,2556.2,3519411,0,,2026-03-06 15:06:14,2026-03-06 15:06:14,2026-03-06
2952193,ULTRACEMCO,11996.0,248848,0,,2026-03-06 15:06:13,2026-03-06 15:06:13,2026-03-06
60417,ASIANPAINT,2282.6,831626,0,,2026-03-06 15:06:13,2026-03-06 15:06:13,2026-03-06
2714625,BHARTIARTL,1869.6,8929730,0,,2026-03-06 15:06:14,2026-03-06 15:06:14,2026-03-06
1270529,ICICIBANK,1311.1,19450577,0,,2026-03-06 15:06:15,2026-03-06 15:06:15,2026-03-06
492033,KOTAKBANK,399.8,14636179,0,,2026-03-06 15:06:14,2026-03-06 15:06:14,2026-03-06
81153,BAJFINANCE,949.25,5382838,0,,2026-03-06 15:06:14,2026-03-06 15:06:14,2026-03-06
897537,TITAN,4252.3,449490,0,,2026-03-06 15:06:13,2026-03-06 15:06:13,2026-03-06
2939649,LT,3952.8,2161436,0,,2026-03-06 15:06:15,2026-03-06 15:06:15,2026-03-06
408065,INFY,1307.9,7647939,0,,2026-03-06 15:06:15,2026-03-06 15:06:15,2026-03-06
2953217,TCS,2556.2,3521143,0,,2026-03-06 15:06:16,2026-03-06 15:06:16,2026-03-06
81153,BAJFINANCE,949.25,5382930,0,,2026-03-06 15:06:16,2026-03-06 15:06:16,2026-03-06
60417,ASIANPAINT,2282.5,831626,0,,2026-03-06 15:06:15,2026-03-06 15:06:15,2026-03-06
969473,WIPRO,195.18,7151970,0,,2026-03-06 15:06:15,2026-03-06 15:06:15,2026-03-06
341249,HDFCBANK,857.5,30050357,0,,2026-03-06 15:06:16,2026-03-06 15:06:16,2026-03-06
2939649,LT,3952.8,2161437,0,,2026-03-06 15:06:16,2026-03-06 15:06:16,2026-03-06
4598529,NESTLEIND,1250.3,609714,0,,2026-03-06 15:06:16,2026-03-06 15:06:16,2026-03-06
1510401,AXISBANK,1316.8,10634940,0,,2026-03-06 15:06:16,2026-03-06 15:06:16,2026-03-06
424961,ITC,309.85,19863555,0,,2026-03-06 15:06:16,2026-03-06 15:06:16,2026-03-06
492033,KOTAKBANK,399.8,14636243,0,,2026-03-06 15:06:16,2026-03-06 15:06:16,2026-03-06
356865,HINDUNILVR,2225.0,1330227,0,,2026-03-06 15:06:16,2026-03-06 15:06:16,2026-03-06
2815745,MARUTI,14178.0,335090,0,,2026-03-06 15:06:16,2026-03-06 15:06:16,2026-03-06
2714625,BHARTIARTL,1869.6,8931753,0,,2026-03-06 15:06:17,2026-03-06 15:06:17,2026-03-06
408065,INFY,1307.9,7648507,0,,2026-03-06 15:06:17,2026-03-06 15:06:17,2026-03-06
2953217,TCS,2556.1,3521779,0,,2026-03-06 15:06:18,2026-03-06 15:06:18,2026-03-06
897537,TITAN,4252.3,449644,0,,2026-03-06 15:06:17,2026-03-06 15:06:17,2026-03-06
356865,HINDUNILVR,2225.0,1330344,0,,2026-03-06 15:06:19,2026-03-06 15:06:19,2026-03-06
492033,KOTAKBANK,399.75,14638570,0,,2026-03-06 15:06:19,2026-03-06 15:06:19,2026-03-06
341249,HDFCBANK,857.55,30052381,0,,2026-03-06 15:06:19,2026-03-06 15:06:19,2026-03-06
81153,BAJFINANCE,949.15,5383702,0,,2026-03-06 15:06:20,2026-03-06 15:06:20,2026-03-06
738561,RELIANCE,1403.8,17610402,0,,2026-03-06 15:06:20,2026-03-06 15:06:20,2026-03-06
2714625,BHARTIARTL,1869.6,8932354,0,,2026-03-06 15:06:20,2026-03-06 15:06:20,2026-03-06
2952193,ULTRACEMCO,11996.0,248938,0,,2026-03-06 15:06:20,2026-03-06 15:06:20,2026-03-06
897537,TITAN,4252.3,449644,0,,2026-03-06 15:06:19,2026-03-06 15:06:19,2026-03-06
2815745,MARUTI,14174.0,335136,0,,2026-03-06 15:06:20,2026-03-06 15:06:20,2026-03-06
408065,INFY,1307.7,7649304,0,,2026-03-06 15:06:20,2026-03-06 15:06:20,2026-03-06
4598529,NESTLEIND,1250.3,610713,0,,2026-03-06 15:06:20,2026-03-06 15:06:20,2026-03-06
1270529,ICICIBANK,1311.1,19454676,0,,2026-03-06 15:06:21,2026-03-06 15:06:21,2026-03-06
2939649,LT,3952.3,2161737,0,,2026-03-06 15:06:21,2026-03-06 15:06:21,2026-03-06
1510401,AXISBANK,1316.5,10637622,0,,2026-03-06 15:06:22,2026-03-06 15:06:22,2026-03-06
969473,WIPRO,195.18,7154083,0,,2026-03-06 15:06:22,2026-03-06 15:06:22,2026-03-06
408065,INFY,1307.8,7649891,0,,2026-03-06 15:06:22,2026-03-06 15:06:22,2026-03-06
2953217,TCS,2556.1,3522252,0,,2026-03-06 15:06:22,2026-03-06 15:06:22,2026-03-06
341249,HDFCBANK,857.45,30055534,0,,2026-03-06 15:06:22,2026-03-06 15:06:22,2026-03-06
492033,KOTAKBANK,399.8,14646893,0,,2026-03-06 15:06:22,2026-03-06 15:06:22,2026-03-06
1850625,HCLTECH,1357.7,1508558,0,,2026-03-06 15:06:21,2026-03-06 15:06:21,2026-03-06
81153,BAJFINANCE,949.2,5385054,0,,2026-03-06 15:06:22,2026-03-06 15:06:22,2026-03-06
1510401,AXISBANK,1316.1,10637658,0,,2026-03-06 15:06:23,2026-03-06 15:06:23,2026-03-06
424961,ITC,309.85,19866996,0,,2026-03-06 15:06:21,2026-03-06 15:06:21,2026-03-06
60417,ASIANPAINT,2282.6,831741,0,,2026-03-06 15:06:22,2026-03-06 15:06:22,2026-03-06
738561,RELIANCE,1403.7,17615069,0,,2026-03-06 15:06:23,2026-03-06 15:06:23,2026-03-06
2714625,BHARTIARTL,1869.4,8938364,0,,2026-03-06 15:06:23,2026-03-06 15:06:23,2026-03-06
341249,HDFCBANK,857.45,30056078,0,,2026-03-06 15:06:23,2026-03-06 15:06:23,2026-03-06
2815745,MARUTI,14167.0,335783,0,,2026-03-06 15:06:23,2026-03-06 15:06:23,2026-03-06
857857,SUNPHARMA,1800.6,3025541,0,,2026-03-06 15:06:23,2026-03-06 15:06:23,2026-03-06
492033,KOTAKBANK,399.8,14649079,0,,2026-03-06 15:06:24,2026-03-06 15:06:24,2026-03-06
2939649,LT,3952.3,2161804,0,,2026-03-06 15:06:24,2026-03-06 15:06:24,2026-03-06
356865,HINDUNILVR,2225.0,1330921,0,,2026-03-06 15:06:24,2026-03-06 15:06:24,2026-03-06
81153,BAJFINANCE,949.2,5385146,0,,2026-03-06 15:06:24,2026-03-06 15:06:24,2026-03-06
408065,INFY,1307.9,7650733,0,,2026-03-06 15:06:24,2026-03-06 15:06:24,2026-03-06
1510401,AXISBANK,1316.0,10637972,0,,2026-03-06 15:06:24,2026-03-06 15:06:24,2026-03-06
897537,TITAN,4252.3,449790,0,,2026-03-06 15:06:24,2026-03-06 15:06:24,2026-03-06
2815745,MARUTI,14166.0,335893,0,,2026-03-06 15:06:24,2026-03-06 15:06:24,2026-03-06
492033,KOTAKBANK,399.75,14649978,0,,2026-03-06 15:06:25,2026-03-06 15:06:25,2026-03-06
1270529,ICICIBANK,1310.9,19459276,0,,2026-03-06 15:06:25,2026-03-06 15:06:25,2026-03-06
408065,INFY,1307.9,7651446,0,,2026-03-06 15:06:25,2026-03-06 15:06:25,2026-03-06
81153,BAJFINANCE,949.25,5387665,0,,2026-03-06 15:06:26,2026-03-06 15:06:26,2026-03-06
857857,SUNPHARMA,1800.7,3025541,0,,2026-03-06 15:06:26,2026-03-06 15:06:26,2026-03-06
4598529,NESTLEIND,1250.2,610883,0,,2026-03-06 15:06:27,2026-03-06 15:06:27,2026-03-06
1510401,AXISBANK,1316.1,10639441,0,,2026-03-06 15:06:27,2026-03-06 15:06:27,2026-03-06
492033,KOTAKBANK,399.7,14651606,0,,2026-03-06 15:06:27,2026-03-06 15:06:27,2026-03-06
2815745,MARUTI,14159.0,335963,0,,2026-03-06 15:06:27,2026-03-06 15:06:27,2026-03-06
356865,HINDUNILVR,2225.0,1331347,0,,2026-03-06 15:06:27,2026-03-06 15:06:27,2026-03-06
2953217,TCS,2556.1,3523011,0,,2026-03-06 15:06:28,2026-03-06 15:06:28,2026-03-06
60417,ASIANPAINT,2282.6,832262,0,,2026-03-06 15:06:26,2026-03-06 15:06:26,2026-03-06
424961,ITC,309.85,19872525,0,,2026-03-06 15:06:28,2026-03-06 15:06:28,2026-03-06
1850625,HCLTECH,1357.7,1509809,0,,2026-03-06 15:06:28,2026-03-06 15:06:28,2026-03-06
81153,BAJFINANCE,949.2,5388315,0,,2026-03-06 15:06:29,2026-03-06 15:06:29,2026-03-06
1510401,AXISBANK,1315.7,10640169,0,,2026-03-06 15:06:30,2026-03-06 15:06:30,2026-03-06
341249,HDFCBANK,857.25,30066575,0,,2026-03-06 15:06:30,2026-03-06 15:06:30,2026-03-06
1270529,ICICIBANK,1310.8,19464042,0,,2026-03-06 15:06:30,2026-03-06 15:06:30,2026-03-06
2953217,TCS,2556.1,3523521,0,,2026-03-06 15:06:30,2026-03-06 15:06:30,2026-03-06
424961,ITC,309.8,19872525,0,,2026-03-06 15:06:30,2026-03-06 15:06:30,2026-03-06
2815745,MARUTI,14158.0,336052,0,,2026-03-06 15:06:32,2026-03-06 15:06:32,2026-03-06
408065,INFY,1307.5,7657966,0,,2026-03-06 15:06:32,2026-03-06 15:06:32,2026-03-06
738561,RELIANCE,1403.6,17617398,0,,2026-03-06 15:06:32,2026-03-06 15:06:32,2026-03-06
2953217,TCS,2556.0,3524364,0,,2026-03-06 15:06:32,2026-03-06 15:06:32,2026-03-06
356865,HINDUNILVR,2225.1,1331504,0,,2026-03-06 15:06:32,2026-03-06 15:06:32,2026-03-06
81153,BAJFINANCE,949.1,5389529,0,,2026-03-06 15:06:32,2026-03-06 15:06:32,2026-03-06
2714625,BHARTIARTL,1869.3,8944252,0,,2026-03-06 15:06:33,2026-03-06 15:06:33,2026-03-06
341249,HDFCBANK,857.2,30070535,0,,2026-03-06 15:06:33,2026-03-06 15:06:33,2026-03-06
492033,KOTAKBANK,399.75,14669390,0,,2026-03-06 15:06:33,2026-03-06 15:06:33,2026-03-06
1850625,HCLTECH,1357.7,1509809,0,,2026-03-06 15:06:31,2026-03-06 15:06:31,2026-03-06
1270529,ICICIBANK,1311.0,19469682,0,,2026-03-06 15:06:33,2026-03-06 15:06:33,2026-03-06
2952193,ULTRACEMCO,12003.0,252132,0,,2026-03-06 15:06:31,2026-03-06 15:06:31,2026-03-06
492033,KOTAKBANK,399.7,14672333,0,,2026-03-06 15:06:33,2026-03-06 15:06:33,2026-03-06
2953217,TCS,2556.0,3524763,0,,2026-03-06 15:06:34,2026-03-06 15:06:34,2026-03-06
738561,RELIANCE,1403.6,17617781,0,,2026-03-06 15:06:34,2026-03-06 15:06:34,2026-03-06
4598529,NESTLEIND,1250.1,612977,0,,2026-03-06 15:06:34,2026-03-06 15:06:34,2026-03-06
60417,ASIANPAINT,2282.6,832428,0,,2026-03-06 15:06:33,2026-03-06 15:06:33,2026-03-06
897537,TITAN,4252.2,450475,0,,2026-03-06 15:06:34,2026-03-06 15:06:34,2026-03-06
2815745,MARUTI,14163.0,336238,0,,2026-03-06 15:06:35,2026-03-06 15:06:35,2026-03-06
2953217,TCS,2556.0,3524770,0,,2026-03-06 15:06:35,2026-03-06 15:06:35,2026-03-06
81153,BAJFINANCE,949.0,5389926,0,,2026-03-06 15:06:35,2026-03-06 15:06:35,2026-03-06
2714625,BHARTIARTL,1869.3,8945169,0,,2026-03-06 15:06:35,2026-03-06 15:06:35,2026-03-06
424961,ITC,309.9,19901379,0,,2026-03-06 15:06:34,2026-03-06 15:06:34,2026-03-06
356865,HINDUNILVR,2225.0,1331760,0,,2026-03-06 15:06:36,2026-03-06 15:06:36,2026-03-06
4598529,NESTLEIND,1250.2,613143,0,,2026-03-06 15:06:36,2026-03-06 15:06:36,2026-03-06
1510401,AXISBANK,1315.7,10641685,0,,2026-03-06 15:06:36,2026-03-06 15:06:36,2026-03-06
2714625,BHARTIARTL,1869.2,8946321,0,,2026-03-06 15:06:37,2026-03-06 15:06:37,2026-03-06
1270529,ICICIBANK,1311.0,19473208,0,,2026-03-06 15:06:37,2026-03-06 15:06:37,2026-03-06
60417,ASIANPAINT,2282.5,832428,0,,2026-03-06 15:06:36,2026-03-06 15:06:36,2026-03-06
857857,SUNPHARMA,1801.0,3031116,0,,2026-03-06 15:06:36,2026-03-06 15:06:36,2026-03-06
2939649,LT,3952.9,2162695,0,,2026-03-06 15:06:37,2026-03-06 15:06:37,2026-03-06
341249,HDFCBANK,857.4,30102467,0,,2026-03-06 15:06:37,2026-03-06 15:06:37,2026-03-06
2952193,ULTRACEMCO,12007.0,252193,0,,2026-03-06 15:06:37,2026-03-06 15:06:37,2026-03-06
4598529,NESTLEIND,1250.2,613158,0,,2026-03-06 15:06:38,2026-03-06 15:06:38,2026-03-06
2714625,BHARTIARTL,1869.2,8947081,0,,2026-03-06 15:06:38,2026-03-06 15:06:38,2026-03-06
2939649,LT,3951.9,2162701,0,,2026-03-06 15:06:38,2026-03-06 15:06:38,2026-03-06
356865,HINDUNILVR,2225.0,1332471,0,,2026-03-06 15:06:39,2026-03-06 15:06:39,2026-03-06
424961,ITC,309.9,19901379,0,,2026-03-06 15:06:37,2026-03-06 15:06:37,2026-03-06
341249,HDFCBANK,857.35,30103568,0,,2026-03-06 15:06:39,2026-03-06 15:06:39,2026-03-06
408065,INFY,1307.7,7660143,0,,2026-03-06 15:06:39,2026-03-06 15:06:39,2026-03-06
2815745,MARUTI,14165.0,336839,0,,2026-03-06 15:06:39,2026-03-06 15:06:39,2026-03-06
60417,ASIANPAINT,2282.5,832600,0,,2026-03-06 15:06:39,2026-03-06 15:06:39,2026-03-06
1270529,ICICIBANK,1311.0,19474919,0,,2026-03-06 15:06:40,2026-03-06 15:06:40,2026-03-06
2714625,BHARTIARTL,1869.3,8947617,0,,2026-03-06 15:06:40,2026-03-06 15:06:40,2026-03-06
341249,HDFCBANK,857.4,30103777,0,,2026-03-06 15:06:40,2026-03-06 15:06:40,2026-03-06
2953217,TCS,2556.0,3525217,0,,2026-03-06 15:06:40,2026-03-06 15:06:40,2026-03-06
2939649,LT,3953.1,2162767,0,,2026-03-06 15:06:41,2026-03-06 15:06:41,2026-03-06
1510401,AXISBANK,1315.8,10645186,0,,2026-03-06 15:06:41,2026-03-06 15:06:41,2026-03-06
1270529,ICICIBANK,1310.8,19478764,0,,2026-03-06 15:06:41,2026-03-06 15:06:41,2026-03-06
1510401,AXISBANK,1315.8,10646169,0,,2026-03-06 15:06:42,2026-03-06 15:06:42,2026-03-06
2714625,BHARTIARTL,1869.1,8949348,0,,2026-03-06 15:06:41,2026-03-06 15:06:41,2026-03-06
408065,INFY,1307.7,7661518,0,,2026-03-06 15:06:42,2026-03-06 15:06:42,2026-03-06
897537,TITAN,4251.9,450678,0,,2026-03-06 15:06:40,2026-03-06 15:06:40,2026-03-06
492033,KOTAKBANK,399.75,14686738,0,,2026-03-06 15:06:42,2026-03-06 15:06:42,2026-03-06
356865,HINDUNILVR,2225.0,1332512,0,,2026-03-06 15:06:42,2026-03-06 15:06:42,2026-03-06
81153,BAJFINANCE,949.05,5392566,0,,2026-03-06 15:06:43,2026-03-06 15:06:43,2026-03-06
738561,RELIANCE,1403.9,17656339,0,,2026-03-06 15:06:44,2026-03-06 15:06:44,2026-03-06
81153,BAJFINANCE,949.05,5392795,0,,2026-03-06 15:06:44,2026-03-06 15:06:44,2026-03-06
492033,KOTAKBANK,399.75,14690365,0,,2026-03-06 15:06:44,2026-03-06 15:06:44,2026-03-06
356865,HINDUNILVR,2224.9,1332927,0,,2026-03-06 15:06:45,2026-03-06 15:06:45,2026-03-06
341249,HDFCBANK,857.35,30107719,0,,2026-03-06 15:06:44,2026-03-06 15:06:44,2026-03-06
969473,WIPRO,195.16,7161314,0,,2026-03-06 15:06:43,2026-03-06 15:06:43,2026-03-06
424961,ITC,309.8,19917175,0,,2026-03-06 15:06:44,2026-03-06 15:06:44,2026-03-06
2714625,BHARTIARTL,1869.1,8950968,0,,2026-03-06 15:06:45,2026-03-06 15:06:45,2026-03-06
2939649,LT,3953.4,2164153,0,,2026-03-06 15:06:46,2026-03-06 15:06:46,2026-03-06
81153,BAJFINANCE,949.05,5392903,0,,2026-03-06 15:06:46,2026-03-06 15:06:46,2026-03-06
2815745,MARUTI,14168.0,336989,0,,2026-03-06 15:06:46,2026-03-06 15:06:46,2026-03-06
4598529,NESTLEIND,1249.9,615338,0,,2026-03-06 15:06:47,2026-03-06 15:06:47,2026-03-06
1510401,AXISBANK,1315.8,10647527,0,,2026-03-06 15:06:47,2026-03-06 15:06:47,2026-03-06
1270529,ICICIBANK,1310.5,19483828,0,,2026-03-06 15:06:47,2026-03-06 15:06:47,2026-03-06
2939649,LT,3953.3,2164156,0,,2026-03-06 15:06:47,2026-03-06 15:06:47,2026-03-06
408065,INFY,1307.8,7663264,0,,2026-03-06 15:06:47,2026-03-06 15:06:47,2026-03-06
857857,SUNPHARMA,1800.8,3033845,0,,2026-03-06 15:06:47,2026-03-06 15:06:47,2026-03-06
2714625,BHARTIARTL,1869.0,8952194,0,,2026-03-06 15:06:47,2026-03-06 15:06:47,2026-03-06
897537,TITAN,4251.4,450832,0,,2026-03-06 15:06:47,2026-03-06 15:06:47,2026-03-06
2815745,MARUTI,14167.0,336991,0,,2026-03-06 15:06:47,2026-03-06 15:06:47,2026-03-06
356865,HINDUNILVR,2224.8,1332958,0,,2026-03-06 15:06:47,2026-03-06 15:06:47,2026-03-06
81153,BAJFINANCE,949.05,5393333,0,,2026-03-06 15:06:48,2026-03-06 15:06:48,2026-03-06
738561,RELIANCE,1404.1,17659338,0,,2026-03-06 15:06:48,2026-03-06 15:06:48,2026-03-06
81153,BAJFINANCE,949.0,5393333,0,,2026-03-06 15:06:48,2026-03-06 15:06:48,2026-03-06
1510401,AXISBANK,1315.8,10647925,0,,2026-03-06 15:06:49,2026-03-06 15:06:49,2026-03-06
1270529,ICICIBANK,1310.9,19487497,0,,2026-03-06 15:06:49,2026-03-06 15:06:49,2026-03-06
408065,INFY,1307.7,7663736,0,,2026-03-06 15:06:50,2026-03-06 15:06:50,2026-03-06
492033,KOTAKBANK,399.7,14693275,0,,2026-03-06 15:06:50,2026-03-06 15:06:50,2026-03-06
2815745,MARUTI,14167.0,336998,0,,2026-03-06 15:06:50,2026-03-06 15:06:50,2026-03-06
2939649,LT,3953.5,2164339,0,,2026-03-06 15:06:50,2026-03-06 15:06:50,2026-03-06
897537,TITAN,4251.6,451256,0,,2026-03-06 15:06:50,2026-03-06 15:06:50,2026-03-06
4598529,NESTLEIND,1249.8,615366,0,,2026-03-06 15:06:50,2026-03-06 15:06:50,2026-03-06
1510401,AXISBANK,1315.6,10648594,0,,2026-03-06 15:06:51,2026-03-06 15:06:51,2026-03-06
2714625,BHARTIARTL,1869.1,8955247,0,,2026-03-06 15:06:51,2026-03-06 15:06:51,2026-03-06
341249,HDFCBANK,857.25,30121324,0,,2026-03-06 15:06:51,2026-03-06 15:06:51,2026-03-06
356865,HINDUNILVR,2224.9,1333328,0,,2026-03-06 15:06:51,2026-03-06 15:06:51,2026-03-06
4598529,NESTLEIND,1249.8,615367,0,,2026-03-06 15:06:51,2026-03-06 15:06:51,2026-03-06
2952193,ULTRACEMCO,12006.0,252318,0,,2026-03-06 15:06:51,2026-03-06 15:06:51,2026-03-06
424961,ITC,309.85,19920686,0,,2026-03-06 15:06:51,2026-03-06 15:06:51,2026-03-06
408065,INFY,1307.7,7664434,0,,2026-03-06 15:06:51,2026-03-06 15:06:51,2026-03-06
1270529,ICICIBANK,1310.7,19489404,0,,2026-03-06 15:06:51,2026-03-06 15:06:51,2026-03-06
969473,WIPRO,195.16,7164186,0,,2026-03-06 15:06:50,2026-03-06 15:06:50,2026-03-06
2939649,LT,3953.7,2164348,0,,2026-03-06 15:06:52,2026-03-06 15:06:52,2026-03-06
60417,ASIANPAINT,2282.8,833648,0,,2026-03-06 15:06:50,2026-03-06 15:06:50,2026-03-06
2714625,BHARTIARTL,1869.3,8967724,0,,2026-03-06 15:06:52,2026-03-06 15:06:52,2026-03-06
341249,HDFCBANK,857.2,30133433,0,,2026-03-06 15:06:52,2026-03-06 15:06:52,2026-03-06
1850625,HCLTECH,1357.4,1513481,0,,2026-03-06 15:06:52,2026-03-06 15:06:52,2026-03-06
1270529,ICICIBANK,1310.9,19492278,0,,2026-03-06 15:06:53,2026-03-06 15:06:53,2026-03-06
2939649,LT,3953.7,2164384,0,,2026-03-06 15:06:53,2026-03-06 15:06:53,2026-03-06
81153,BAJFINANCE,949.05,5394695,0,,2026-03-06 15:06:53,2026-03-06 15:06:53,2026-03-06
2952193,ULTRACEMCO,12002.0,252330,0,,2026-03-06 15:06:54,2026-03-06 15:06:54,2026-03-06
2815745,MARUTI,14169.0,337219,0,,2026-03-06 15:06:54,2026-03-06 15:06:54,2026-03-06
408065,INFY,1307.8,7665832,0,,2026-03-06 15:06:54,2026-03-06 15:06:54,2026-03-06
4598529,NESTLEIND,1249.9,615434,0,,2026-03-06 15:06:54,2026-03-06 15:06:54,2026-03-06
1270529,ICICIBANK,1310.8,19492318,0,,2026-03-06 15:06:54,2026-03-06 15:06:54,2026-03-06
969473,WIPRO,195.16,7171522,0,,2026-03-06 15:06:53,2026-03-06 15:06:53,2026-03-06
2714625,BHARTIARTL,1869.1,8969676,0,,2026-03-06 15:06:54,2026-03-06 15:06:54,2026-03-06
2939649,LT,3953.2,2164402,0,,2026-03-06 15:06:54,2026-03-06 15:06:54,2026-03-06
1510401,AXISBANK,1315.5,10650566,0,,2026-03-06 15:06:54,2026-03-06 15:06:54,2026-03-06
341249,HDFCBANK,857.2,30137861,0,,2026-03-06 15:06:54,2026-03-06 15:06:54,2026-03-06
492033,KOTAKBANK,399.7,14695008,0,,2026-03-06 15:06:53,2026-03-06 15:06:53,2026-03-06
738561,RELIANCE,1403.9,17670891,0,,2026-03-06 15:06:55,2026-03-06 15:06:55,2026-03-06
2714625,BHARTIARTL,1869.3,8969735,0,,2026-03-06 15:06:55,2026-03-06 15:06:55,2026-03-06
408065,INFY,1307.6,7665832,0,,2026-03-06 15:06:55,2026-03-06 15:06:55,2026-03-06
4598529,NESTLEIND,1249.4,615434,0,,2026-03-06 15:06:55,2026-03-06 15:06:55,2026-03-06
2952193,ULTRACEMCO,12005.0,252337,0,,2026-03-06 15:06:55,2026-03-06 15:06:55,2026-03-06
1850625,HCLTECH,1357.4,1515184,0,,2026-03-06 15:06:54,2026-03-06 15:06:54,2026-03-06
897537,TITAN,4251.4,451256,0,,2026-03-06 15:06:54,2026-03-06 15:06:54,2026-03-06
2939649,LT,3953.2,2164457,0,,2026-03-06 15:06:55,2026-03-06 15:06:55,2026-03-06
2815745,MARUTI,14167.0,337225,0,,2026-03-06 15:06:56,2026-03-06 15:06:56,2026-03-06
2939649,LT,3953.2,2164577,0,,2026-03-06 15:06:56,2026-03-06 15:06:56,2026-03-06
738561,RELIANCE,1403.8,17670927,0,,2026-03-06 15:06:56,2026-03-06 15:06:56,2026-03-06
4598529,NESTLEIND,1249.9,615635,0,,2026-03-06 15:06:56,2026-03-06 15:06:56,2026-03-06
2953217,TCS,2555.9,3530432,0,,2026-03-06 15:06:56,2026-03-06 15:06:56,2026-03-06
81153,BAJFINANCE,949.0,5395654,0,,2026-03-06 15:06:56,2026-03-06 15:06:56,2026-03-06
857857,SUNPHARMA,1801.0,3040628,0,,2026-03-06 15:06:56,2026-03-06 15:06:56,2026-03-06
408065,INFY,1307.7,7668076,0,,2026-03-06 15:06:57,2026-03-06 15:06:57,2026-03-06
2815745,MARUTI,14167.0,337242,0,,2026-03-06 15:06:57,2026-03-06 15:06:57,2026-03-06
2952193,ULTRACEMCO,12005.0,252337,0,,2026-03-06 15:06:56,2026-03-06 15:06:56,2026-03-06
1510401,AXISBANK,1315.3,10656043,0,,2026-03-06 15:06:57,2026-03-06 15:06:57,2026-03-06
492033,KOTAKBANK,399.55,14695008,0,,2026-03-06 15:06:57,2026-03-06 15:06:57,2026-03-06
341249,HDFCBANK,857.1,30142790,0,,2026-03-06 15:06:59,2026-03-06 15:06:59,2026-03-06
1270529,ICICIBANK,1311.0,19496925,0,,2026-03-06 15:06:59,2026-03-06 15:06:59,2026-03-06
60417,ASIANPAINT,2284.3,834622,0,,2026-03-06 15:06:59,2026-03-06 15:06:59,2026-03-06
2952193,ULTRACEMCO,12005.0,252338,0,,2026-03-06 15:06:59,2026-03-06 15:06:59,2026-03-06
2815745,MARUTI,14166.0,337291,0,,2026-03-06 15:06:59,2026-03-06 15:06:59,2026-03-06
738561,RELIANCE,1403.8,17672702,0,,2026-03-06 15:07:00,2026-03-06 15:07:00,2026-03-06
1270529,ICICIBANK,1311.0,19500041,0,,2026-03-06 15:07:01,2026-03-06 15:07:01,2026-03-06
2952193,ULTRACEMCO,12005.0,252358,0,,2026-03-06 15:07:00,2026-03-06 15:07:00,2026-03-06
424961,ITC,309.9,19939543,0,,2026-03-06 15:07:00,2026-03-06 15:07:00,2026-03-06
492033,KOTAKBANK,399.55,14705728,0,,2026-03-06 15:06:59,2026-03-06 15:06:59,2026-03-06
1850625,HCLTECH,1357.2,1516033,0,,2026-03-06 15:07:00,2026-03-06 15:07:00,2026-03-06
738561,RELIANCE,1403.8,17673832,0,,2026-03-06 15:07:01,2026-03-06 15:07:01,2026-03-06
81153,BAJFINANCE,949.05,5396763,0,,2026-03-06 15:07:01,2026-03-06 15:07:01,2026-03-06
2939649,LT,3952.1,2164806,0,,2026-03-06 15:07:02,2026-03-06 15:07:02,2026-03-06
2714625,BHARTIARTL,1869.3,8973620,0,,2026-03-06 15:07:02,2026-03-06 15:07:02,2026-03-06
2815745,MARUTI,14165.0,337325,0,,2026-03-06 15:07:02,2026-03-06 15:07:02,2026-03-06
4598529,NESTLEIND,1249.8,616024,0,,2026-03-06 15:07:02,2026-03-06 15:07:02,2026-03-06
2953217,TCS,2555.7,3531205,0,,2026-03-06 15:07:02,2026-03-06 15:07:02,2026-03-06
857857,SUNPHARMA,1800.9,3043950,0,,2026-03-06 15:07:03,2026-03-06 15:07:03,2026-03-06
897537,TITAN,4251.3,452038,0,,2026-03-06 15:07:03,2026-03-06 15:07:03,2026-03-06
81153,BAJFINANCE,949.05,5397707,0,,2026-03-06 15:07:03,2026-03-06 15:07:03,2026-03-06
2952193,ULTRACEMCO,12006.0,252362,0,,2026-03-06 15:07:04,2026-03-06 15:07:04,2026-03-06
408065,INFY,1307.5,7678609,0,,2026-03-06 15:07:04,2026-03-06 15:07:04,2026-03-06
2939649,LT,3952.2,2165118,0,,2026-03-06 15:07:04,2026-03-06 15:07:04,2026-03-06
1270529,ICICIBANK,1310.5,19504303,0,,2026-03-06 15:07:04,2026-03-06 15:07:04,2026-03-06
408065,INFY,1307.4,7678609,0,,2026-03-06 15:07:05,2026-03-06 15:07:05,2026-03-06
738561,RELIANCE,1403.8,17676140,0,,2026-03-06 15:07:05,2026-03-06 15:07:05,2026-03-06
4598529,NESTLEIND,1249.8,616095,0,,2026-03-06 15:07:04,2026-03-06 15:07:04,2026-03-06
60417,ASIANPAINT,2283.9,834622,0,,2026-03-06 15:07:04,2026-03-06 15:07:04,2026-03-06
424961,ITC,309.9,19939543,0,,2026-03-06 15:07:05,2026-03-06 15:07:05,2026-03-06
738561,RELIANCE,1403.7,17676549,0,,2026-03-06 15:07:06,2026-03-06 15:07:06,2026-03-06
2939649,LT,3952.1,2165202,0,,2026-03-06 15:07:06,2026-03-06 15:07:06,2026-03-06
1850625,HCLTECH,1357.2,1518053,0,,2026-03-06 15:07:07,2026-03-06 15:07:07,2026-03-06
2952193,ULTRACEMCO,12006.0,252385,0,,2026-03-06 15:07:07,2026-03-06 15:07:07,2026-03-06
969473,WIPRO,195.16,7173325,0,,2026-03-06 15:07:06,2026-03-06 15:07:06,2026-03-06
1270529,ICICIBANK,1310.9,19509786,0,,2026-03-06 15:07:07,2026-03-06 15:07:07,2026-03-06
81153,BAJFINANCE,949.05,5398968,0,,2026-03-06 15:07:07,2026-03-06 15:07:07,2026-03-06
356865,HINDUNILVR,2225.1,1337427,0,,2026-03-06 15:07:07,2026-03-06 15:07:07,2026-03-06
408065,INFY,1307.3,7680215,0,,2026-03-06 15:07:07,2026-03-06 15:07:07,2026-03-06
738561,RELIANCE,1403.7,17676836,0,,2026-03-06 15:07:07,2026-03-06 15:07:07,2026-03-06
341249,HDFCBANK,857.1,30156574,0,,2026-03-06 15:07:07,2026-03-06 15:07:07,2026-03-06
1510401,AXISBANK,1314.9,10660743,0,,2026-03-06 15:07:08,2026-03-06 15:07:08,2026-03-06
424961,ITC,309.9,19942100,0,,2026-03-06 15:07:07,2026-03-06 15:07:07,2026-03-06
1510401,AXISBANK,1314.5,10660743,0,,2026-03-06 15:07:09,2026-03-06 15:07:09,2026-03-06
2953217,TCS,2555.1,3532797,0,,2026-03-06 15:07:09,2026-03-06 15:07:09,2026-03-06
2815745,MARUTI,14164.0,337431,0,,2026-03-06 15:07:10,2026-03-06 15:07:10,2026-03-06
857857,SUNPHARMA,1801.0,3046803,0,,2026-03-06 15:07:09,2026-03-06 15:07:09,2026-03-06
4598529,NESTLEIND,1249.4,616463,0,,2026-03-06 15:07:10,2026-03-06 15:07:10,2026-03-06
81153,BAJFINANCE,949.0,5399359,0,,2026-03-06 15:07:10,2026-03-06 15:07:10,2026-03-06
897537,TITAN,4251.4,452449,0,,2026-03-06 15:07:10,2026-03-06 15:07:10,2026-03-06
2939649,LT,3952.1,2165431,0,,2026-03-06 15:07:11,2026-03-06 15:07:11,2026-03-06
1270529,ICICIBANK,1310.8,19514147,0,,2026-03-06 15:07:11,2026-03-06 15:07:11,2026-03-06
60417,ASIANPAINT,2283.8,835197,0,,2026-03-06 15:07:11,2026-03-06 15:07:11,2026-03-06
2952193,ULTRACEMCO,12006.0,252415,0,,2026-03-06 15:07:12,2026-03-06 15:07:12,2026-03-06
424961,ITC,309.9,19942100,0,,2026-03-06 15:07:12,2026-03-06 15:07:12,2026-03-06
969473,WIPRO,195.16,7173325,0,,2026-03-06 15:07:11,2026-03-06 15:07:11,2026-03-06
408065,INFY,1307.3,7686361,0,,2026-03-06 15:07:12,2026-03-06 15:07:12,2026-03-06
738561,RELIANCE,1403.8,17678137,0,,2026-03-06 15:07:12,2026-03-06 15:07:12,2026-03-06
2714625,BHARTIARTL,1869.0,8978715,0,,2026-03-06 15:07:12,2026-03-06 15:07:12,2026-03-06
492033,KOTAKBANK,399.6,14719144,0,,2026-03-06 15:07:11,2026-03-06 15:07:11,2026-03-06
1270529,ICICIBANK,1310.8,19514270,0,,2026-03-06 15:07:12,2026-03-06 15:07:12,2026-03-06
341249,HDFCBANK,857.05,30165481,0,,2026-03-06 15:07:13,2026-03-06 15:07:13,2026-03-06
81153,BAJFINANCE,949.05,5400055,0,,2026-03-06 15:07:12,2026-03-06 15:07:12,2026-03-06
2939649,LT,3952.1,2165553,0,,2026-03-06 15:07:13,2026-03-06 15:07:13,2026-03-06
738561,RELIANCE,1403.7,17678370,0,,2026-03-06 15:07:13,2026-03-06 15:07:13,2026-03-06
1270529,ICICIBANK,1310.8,19514270,0,,2026-03-06 15:07:13,2026-03-06 15:07:13,2026-03-06
969473,WIPRO,195.16,7174367,0,,2026-03-06 15:07:13,2026-03-06 15:07:13,2026-03-06
341249,HDFCBANK,857.0,30165481,0,,2026-03-06 15:07:13,2026-03-06 15:07:13,2026-03-06
492033,KOTAKBANK,399.6,14733890,0,,2026-03-06 15:07:13,2026-03-06 15:07:13,2026-03-06
2815745,MARUTI,14164.0,337432,0,,2026-03-06 15:07:13,2026-03-06 15:07:13,2026-03-06
408065,INFY,1307.1,7686782,0,,2026-03-06 15:07:13,2026-03-06 15:07:13,2026-03-06
81153,BAJFINANCE,949.05,5400055,0,,2026-03-06 15:07:13,2026-03-06 15:07:13,2026-03-06
60417,ASIANPAINT,2283.4,835429,0,,2026-03-06 15:07:12,2026-03-06 15:07:12,2026-03-06
738561,RELIANCE,1403.8,17679318,0,,2026-03-06 15:07:13,2026-03-06 15:07:13,2026-03-06
341249,HDFCBANK,857.05,30166110,0,,2026-03-06 15:07:14,2026-03-06 15:07:14,2026-03-06
2815745,MARUTI,14163.0,337438,0,,2026-03-06 15:07:14,2026-03-06 15:07:14,2026-03-06
2939649,LT,3952.1,2165671,0,,2026-03-06 15:07:14,2026-03-06 15:07:14,2026-03-06
408065,INFY,1307.2,7687106,0,,2026-03-06 15:07:14,2026-03-06 15:07:14,2026-03-06
4598529,NESTLEIND,1249.7,616570,0,,2026-03-06 15:07:14,2026-03-06 15:07:14,2026-03-06
81153,BAJFINANCE,949.0,5400073,0,,2026-03-06 15:07:14,2026-03-06 15:07:14,2026-03-06
2952193,ULTRACEMCO,12008.0,252536,0,,2026-03-06 15:07:14,2026-03-06 15:07:14,2026-03-06
1270529,ICICIBANK,1310.7,19518901,0,,2026-03-06 15:07:14,2026-03-06 15:07:14,2026-03-06
2939649,LT,3952.0,2165677,0,,2026-03-06 15:07:15,2026-03-06 15:07:15,2026-03-06
4598529,NESTLEIND,1249.3,616572,0,,2026-03-06 15:07:15,2026-03-06 15:07:15,2026-03-06
81153,BAJFINANCE,949.05,5400162,0,,2026-03-06 15:07:16,2026-03-06 15:07:16,2026-03-06
738561,RELIANCE,1403.7,17679618,0,,2026-03-06 15:07:16,2026-03-06 15:07:16,2026-03-06
857857,SUNPHARMA,1800.9,3049483,0,,2026-03-06 15:07:16,2026-03-06 15:07:16,2026-03-06
2815745,MARUTI,14164.0,337444,0,,2026-03-06 15:07:16,2026-03-06 15:07:16,2026-03-06
4598529,NESTLEIND,1249.5,616791,0,,2026-03-06 15:07:16,2026-03-06 15:07:16,2026-03-06
2714625,BHARTIARTL,1869.1,8980959,0,,2026-03-06 15:07:16,2026-03-06 15:07:16,2026-03-06
341249,HDFCBANK,857.0,30187923,0,,2026-03-06 15:07:17,2026-03-06 15:07:17,2026-03-06
1510401,AXISBANK,1314.9,10664292,0,,2026-03-06 15:07:17,2026-03-06 15:07:17,2026-03-06
738561,RELIANCE,1403.8,17679658,0,,2026-03-06 15:07:17,2026-03-06 15:07:17,2026-03-06
897537,TITAN,4251.6,452813,0,,2026-03-06 15:07:16,2026-03-06 15:07:16,2026-03-06
81153,BAJFINANCE,949.05,5401239,0,,2026-03-06 15:07:18,2026-03-06 15:07:18,2026-03-06
341249,HDFCBANK,856.95,30191151,0,,2026-03-06 15:07:19,2026-03-06 15:07:19,2026-03-06
492033,KOTAKBANK,399.65,14733890,0,,2026-03-06 15:07:18,2026-03-06 15:07:18,2026-03-06
738561,RELIANCE,1403.7,17681666,0,,2026-03-06 15:07:19,2026-03-06 15:07:19,2026-03-06
2952193,ULTRACEMCO,12009.0,252555,0,,2026-03-06 15:07:19,2026-03-06 15:07:19,2026-03-06
969473,WIPRO,195.16,7174367,0,,2026-03-06 15:07:18,2026-03-06 15:07:18,2026-03-06
408065,INFY,1307.2,7689558,0,,2026-03-06 15:07:19,2026-03-06 15:07:19,2026-03-06
4598529,NESTLEIND,1249.1,617126,0,,2026-03-06 15:07:19,2026-03-06 15:07:19,2026-03-06
2815745,MARUTI,14163.0,337483,0,,2026-03-06 15:07:19,2026-03-06 15:07:19,2026-03-06
4598529,NESTLEIND,1249.4,617180,0,,2026-03-06 15:07:20,2026-03-06 15:07:20,2026-03-06
738561,RELIANCE,1403.7,17681869,0,,2026-03-06 15:07:20,2026-03-06 15:07:20,2026-03-06
1510401,AXISBANK,1315.5,10670751,0,,2026-03-06 15:07:20,2026-03-06 15:07:20,2026-03-06
969473,WIPRO,195.16,7174744,0,,2026-03-06 15:07:19,2026-03-06 15:07:19,2026-03-06
2815745,MARUTI,14164.0,337485,0,,2026-03-06 15:07:21,2026-03-06 15:07:21,2026-03-06
1270529,ICICIBANK,1310.9,19534607,0,,2026-03-06 15:07:21,2026-03-06 15:07:21,2026-03-06
2952193,ULTRACEMCO,12009.0,252558,0,,2026-03-06 15:07:21,2026-03-06 15:07:21,2026-03-06
2953217,TCS,2556.3,3541529,0,,2026-03-06 15:07:22,2026-03-06 15:07:22,2026-03-06
1850625,HCLTECH,1357.0,1520796,0,,2026-03-06 15:07:20,2026-03-06 15:07:20,2026-03-06
857857,SUNPHARMA,1801.0,3053158,0,,2026-03-06 15:07:22,2026-03-06 15:07:22,2026-03-06
408065,INFY,1307.2,7691813,0,,2026-03-06 15:07:23,2026-03-06 15:07:23,2026-03-06
738561,RELIANCE,1403.8,17682691,0,,2026-03-06 15:07:24,2026-03-06 15:07:24,2026-03-06
2952193,ULTRACEMCO,12009.0,252568,0,,2026-03-06 15:07:24,2026-03-06 15:07:24,2026-03-06
2939649,LT,3952.1,2165925,0,,2026-03-06 15:07:24,2026-03-06 15:07:24,2026-03-06
2815745,MARUTI,14164.0,337545,0,,2026-03-06 15:07:24,2026-03-06 15:07:24,2026-03-06
4598529,NESTLEIND,1249.5,618943,0,,2026-03-06 15:07:25,2026-03-06 15:07:25,2026-03-06
60417,ASIANPAINT,2283.3,835577,0,,2026-03-06 15:07:25,2026-03-06 15:07:25,2026-03-06
2952193,ULTRACEMCO,12011.0,252573,0,,2026-03-06 15:07:25,2026-03-06 15:07:25,2026-03-06
897537,TITAN,4252.0,453449,0,,2026-03-06 15:07:23,2026-03-06 15:07:23,2026-03-06
969473,WIPRO,195.16,7174744,0,,2026-03-06 15:07:25,2026-03-06 15:07:25,2026-03-06
1510401,AXISBANK,1315.5,10671894,0,,2026-03-06 15:07:26,2026-03-06 15:07:26,2026-03-06
341249,HDFCBANK,856.95,30204601,0,,2026-03-06 15:07:26,2026-03-06 15:07:26,2026-03-06
492033,KOTAKBANK,399.6,14748166,0,,2026-03-06 15:07:26,2026-03-06 15:07:26,2026-03-06
2815745,MARUTI,14161.0,337568,0,,2026-03-06 15:07:26,2026-03-06 15:07:26,2026-03-06
2939649,LT,3952.0,2166228,0,,2026-03-06 15:07:27,2026-03-06 15:07:27,2026-03-06
81153,BAJFINANCE,949.45,5413315,0,,2026-03-06 15:07:27,2026-03-06 15:07:27,2026-03-06
341249,HDFCBANK,856.9,30208684,0,,2026-03-06 15:07:27,2026-03-06 15:07:27,2026-03-06
60417,ASIANPAINT,2283.7,835744,0,,2026-03-06 15:07:26,2026-03-06 15:07:26,2026-03-06
2952193,ULTRACEMCO,12011.0,252579,0,,2026-03-06 15:07:28,2026-03-06 15:07:28,2026-03-06
1510401,AXISBANK,1314.9,10672855,0,,2026-03-06 15:07:28,2026-03-06 15:07:28,2026-03-06
2714625,BHARTIARTL,1868.6,8989128,0,,2026-03-06 15:07:28,2026-03-06 15:07:28,2026-03-06
408065,INFY,1307.1,7694068,0,,2026-03-06 15:07:28,2026-03-06 15:07:28,2026-03-06
738561,RELIANCE,1403.7,17686676,0,,2026-03-06 15:07:28,2026-03-06 15:07:28,2026-03-06
1850625,HCLTECH,1356.9,1522252,0,,2026-03-06 15:07:27,2026-03-06 15:07:27,2026-03-06
2815745,MARUTI,14164.0,337581,0,,2026-03-06 15:07:28,2026-03-06 15:07:28,2026-03-06
424961,ITC,309.9,19957358,0,,2026-03-06 15:07:27,2026-03-06 15:07:27,2026-03-06
408065,INFY,1307.1,7694916,0,,2026-03-06 15:07:29,2026-03-06 15:07:29,2026-03-06
1510401,AXISBANK,1314.9,10673163,0,,2026-03-06 15:07:30,2026-03-06 15:07:30,2026-03-06
1270529,ICICIBANK,1310.9,19547302,0,,2026-03-06 15:07:30,2026-03-06 15:07:30,2026-03-06
81153,BAJFINANCE,949.4,5416586,0,,2026-03-06 15:07:30,2026-03-06 15:07:30,2026-03-06
2952193,ULTRACEMCO,12011.0,252605,0,,2026-03-06 15:07:30,2026-03-06 15:07:30,2026-03-06
341249,HDFCBANK,856.85,30216558,0,,2026-03-06 15:07:30,2026-03-06 15:07:30,2026-03-06
2714625,BHARTIARTL,1868.6,8993929,0,,2026-03-06 15:07:31,2026-03-06 15:07:31,2026-03-06
2815745,MARUTI,14163.0,337624,0,,2026-03-06 15:07:32,2026-03-06 15:07:32,2026-03-06
408065,INFY,1307.2,7695974,0,,2026-03-06 15:07:31,2026-03-06 15:07:31,2026-03-06
1510401,AXISBANK,1314.9,10674443,0,,2026-03-06 15:07:32,2026-03-06 15:07:32,2026-03-06
2939649,LT,3952.0,2166369,0,,2026-03-06 15:07:32,2026-03-06 15:07:32,2026-03-06
4598529,NESTLEIND,1249.6,622826,0,,2026-03-06 15:07:32,2026-03-06 15:07:32,2026-03-06
1270529,ICICIBANK,1311.0,19551857,0,,2026-03-06 15:07:33,2026-03-06 15:07:33,2026-03-06
492033,KOTAKBANK,399.55,14770993,0,,2026-03-06 15:07:32,2026-03-06 15:07:32,2026-03-06
81153,BAJFINANCE,949.1,5417363,0,,2026-03-06 15:07:34,2026-03-06 15:07:34,2026-03-06
1510401,AXISBANK,1314.8,10675539,0,,2026-03-06 15:07:35,2026-03-06 15:07:35,2026-03-06
356865,HINDUNILVR,2225.0,1339346,0,,2026-03-06 15:07:35,2026-03-06 15:07:35,2026-03-06
2953217,TCS,2556.3,3544475,0,,2026-03-06 15:07:35,2026-03-06 15:07:35,2026-03-06
738561,RELIANCE,1404.7,17717791,0,,2026-03-06 15:07:35,2026-03-06 15:07:35,2026-03-06
408065,INFY,1307.2,7697566,0,,2026-03-06 15:07:35,2026-03-06 15:07:35,2026-03-06
2815745,MARUTI,14162.0,337686,0,,2026-03-06 15:07:36,2026-03-06 15:07:36,2026-03-06
408065,INFY,1306.9,7698356,0,,2026-03-06 15:07:37,2026-03-06 15:07:37,2026-03-06
738561,RELIANCE,1404.8,17718446,0,,2026-03-06 15:07:38,2026-03-06 15:07:38,2026-03-06
1510401,AXISBANK,1315.1,10676748,0,,2026-03-06 15:07:38,2026-03-06 15:07:38,2026-03-06
4598529,NESTLEIND,1250.0,623300,0,,2026-03-06 15:07:38,2026-03-06 15:07:38,2026-03-06
81153,BAJFINANCE,949.2,5417566,0,,2026-03-06 15:07:38,2026-03-06 15:07:38,2026-03-06
897537,TITAN,4251.5,453762,0,,2026-03-06 15:07:36,2026-03-06 15:07:36,2026-03-06
2815745,MARUTI,14167.0,338040,0,,2026-03-06 15:07:38,2026-03-06 15:07:38,2026-03-06
2953217,TCS,2556.2,3544475,0,,2026-03-06 15:07:37,2026-03-06 15:07:37,2026-03-06
2939649,LT,3951.7,2166603,0,,2026-03-06 15:07:38,2026-03-06 15:07:38,2026-03-06
408065,INFY,1307.0,7699283,0,,2026-03-06 15:07:39,2026-03-06 15:07:39,2026-03-06
2939649,LT,3952.1,2166615,0,,2026-03-06 15:07:39,2026-03-06 15:07:39,2026-03-06
1270529,ICICIBANK,1311.5,19569577,0,,2026-03-06 15:07:40,2026-03-06 15:07:40,2026-03-06
81153,BAJFINANCE,949.15,5417631,0,,2026-03-06 15:07:39,2026-03-06 15:07:39,2026-03-06
2952193,ULTRACEMCO,12011.0,252747,0,,2026-03-06 15:07:40,2026-03-06 15:07:40,2026-03-06
1510401,AXISBANK,1316.4,10686287,0,,2026-03-06 15:07:40,2026-03-06 15:07:40,2026-03-06
60417,ASIANPAINT,2283.2,837009,0,,2026-03-06 15:07:40,2026-03-06 15:07:40,2026-03-06
424961,ITC,309.9,19977147,0,,2026-03-06 15:07:39,2026-03-06 15:07:39,2026-03-06
738561,RELIANCE,1404.9,17720238,0,,2026-03-06 15:07:40,2026-03-06 15:07:40,2026-03-06
81153,BAJFINANCE,949.45,5419148,0,,2026-03-06 15:07:40,2026-03-06 15:07:40,2026-03-06
2714625,BHARTIARTL,1868.9,9028717,0,,2026-03-06 15:07:40,2026-03-06 15:07:40,2026-03-06
341249,HDFCBANK,857.2,30332304,0,,2026-03-06 15:07:40,2026-03-06 15:07:40,2026-03-06
4598529,NESTLEIND,1249.9,623578,0,,2026-03-06 15:07:40,2026-03-06 15:07:40,2026-03-06
969473,WIPRO,195.16,7188271,0,,2026-03-06 15:07:40,2026-03-06 15:07:40,2026-03-06
2939649,LT,3952.5,2168070,0,,2026-03-06 15:07:40,2026-03-06 15:07:40,2026-03-06
356865,HINDUNILVR,2225.0,1340087,0,,2026-03-06 15:07:39,2026-03-06 15:07:39,2026-03-06
341249,HDFCBANK,857.35,30336325,0,,2026-03-06 15:07:42,2026-03-06 15:07:42,2026-03-06
81153,BAJFINANCE,949.55,5421624,0,,2026-03-06 15:07:42,2026-03-06 15:07:42,2026-03-06
408065,INFY,1308.1,7711759,0,,2026-03-06 15:07:42,2026-03-06 15:07:42,2026-03-06
897537,TITAN,4255.0,460760,0,,2026-03-06 15:07:42,2026-03-06 15:07:42,2026-03-06
341249,HDFCBANK,857.3,30336325,0,,2026-03-06 15:07:43,2026-03-06 15:07:43,2026-03-06
408065,INFY,1307.6,7713520,0,,2026-03-06 15:07:43,2026-03-06 15:07:43,2026-03-06
4598529,NESTLEIND,1249.9,623706,0,,2026-03-06 15:07:43,2026-03-06 15:07:43,2026-03-06
1850625,HCLTECH,1356.8,1527204,0,,2026-03-06 15:07:42,2026-03-06 15:07:42,2026-03-06
2714625,BHARTIARTL,1869.4,9030634,0,,2026-03-06 15:07:43,2026-03-06 15:07:43,2026-03-06
2815745,MARUTI,14170.0,339601,0,,2026-03-06 15:07:43,2026-03-06 15:07:43,2026-03-06
2939649,LT,3952.3,2168246,0,,2026-03-06 15:07:43,2026-03-06 15:07:43,2026-03-06
1510401,AXISBANK,1316.2,10687839,0,,2026-03-06 15:07:43,2026-03-06 15:07:43,2026-03-06
81153,BAJFINANCE,949.65,5421814,0,,2026-03-06 15:07:43,2026-03-06 15:07:43,2026-03-06
1270529,ICICIBANK,1311.8,19583041,0,,2026-03-06 15:07:44,2026-03-06 15:07:44,2026-03-06
2953217,TCS,2557.4,3546148,0,,2026-03-06 15:07:44,2026-03-06 15:07:44,2026-03-06
2952193,ULTRACEMCO,12011.0,252768,0,,2026-03-06 15:07:44,2026-03-06 15:07:44,2026-03-06
81153,BAJFINANCE,949.65,5421816,0,,2026-03-06 15:07:44,2026-03-06 15:07:44,2026-03-06
1270529,ICICIBANK,1311.7,19584985,0,,2026-03-06 15:07:45,2026-03-06 15:07:45,2026-03-06
857857,SUNPHARMA,1800.9,3063878,0,,2026-03-06 15:07:44,2026-03-06 15:07:44,2026-03-06
2714625,BHARTIARTL,1870.0,9031878,0,,2026-03-06 15:07:45,2026-03-06 15:07:45,2026-03-06
1510401,AXISBANK,1316.0,10689158,0,,2026-03-06 15:07:45,2026-03-06 15:07:45,2026-03-06
897537,TITAN,4255.0,460760,0,,2026-03-06 15:07:44,2026-03-06 15:07:44,2026-03-06
2815745,MARUTI,14172.0,339753,0,,2026-03-06 15:07:46,2026-03-06 15:07:46,2026-03-06
2939649,LT,3953.5,2168533,0,,2026-03-06 15:07:45,2026-03-06 15:07:45,2026-03-06
4598529,NESTLEIND,1250.0,624305,0,,2026-03-06 15:07:45,2026-03-06 15:07:45,2026-03-06
492033,KOTAKBANK,399.6,14799309,0,,2026-03-06 15:07:45,2026-03-06 15:07:45,2026-03-06
2939649,LT,3953.4,2168533,0,,2026-03-06 15:07:46,2026-03-06 15:07:46,2026-03-06
408065,INFY,1308.0,7713979,0,,2026-03-06 15:07:46,2026-03-06 15:07:46,2026-03-06
1270529,ICICIBANK,1311.8,19586024,0,,2026-03-06 15:07:46,2026-03-06 15:07:46,2026-03-06
1510401,AXISBANK,1316.0,10689532,0,,2026-03-06 15:07:46,2026-03-06 15:07:46,2026-03-06
60417,ASIANPAINT,2283.1,837261,0,,2026-03-06 15:07:45,2026-03-06 15:07:45,2026-03-06
2952193,ULTRACEMCO,12010.0,252778,0,,2026-03-06 15:07:46,2026-03-06 15:07:46,2026-03-06
424961,ITC,309.95,19980526,0,,2026-03-06 15:07:46,2026-03-06 15:07:46,2026-03-06
969473,WIPRO,195.17,7233269,0,,2026-03-06 15:07:45,2026-03-06 15:07:45,2026-03-06
2714625,BHARTIARTL,1870.0,9037053,0,,2026-03-06 15:07:46,2026-03-06 15:07:46,2026-03-06
341249,HDFCBANK,857.4,30346544,0,,2026-03-06 15:07:47,2026-03-06 15:07:47,2026-03-06
4598529,NESTLEIND,1249.9,624316,0,,2026-03-06 15:07:46,2026-03-06 15:07:46,2026-03-06
341249,HDFCBANK,857.6,30349510,0,,2026-03-06 15:07:48,2026-03-06 15:07:48,2026-03-06
738561,RELIANCE,1405.3,17722789,0,,2026-03-06 15:07:48,2026-03-06 15:07:48,2026-03-06
2815745,MARUTI,14160.0,342641,0,,2026-03-06 15:07:48,2026-03-06 15:07:48,2026-03-06
341249,HDFCBANK,857.55,30351166,0,,2026-03-06 15:07:49,2026-03-06 15:07:49,2026-03-06
356865,HINDUNILVR,2225.5,1344877,0,,2026-03-06 15:07:48,2026-03-06 15:07:48,2026-03-06
1270529,ICICIBANK,1312.0,19589256,0,,2026-03-06 15:07:49,2026-03-06 15:07:49,2026-03-06
2953217,TCS,2557.5,3547433,0,,2026-03-06 15:07:48,2026-03-06 15:07:48,2026-03-06
2952193,ULTRACEMCO,12019.0,252820,0,,2026-03-06 15:07:49,2026-03-06 15:07:49,2026-03-06
81153,BAJFINANCE,949.7,5422925,0,,2026-03-06 15:07:49,2026-03-06 15:07:49,2026-03-06
1510401,AXISBANK,1316.3,10690014,0,,2026-03-06 15:07:50,2026-03-06 15:07:50,2026-03-06
424961,ITC,309.95,19980526,0,,2026-03-06 15:07:48,2026-03-06 15:07:48,2026-03-06
1510401,AXISBANK,1316.6,10691453,0,,2026-03-06 15:07:51,2026-03-06 15:07:51,2026-03-06
1270529,ICICIBANK,1312.1,19593776,0,,2026-03-06 15:07:51,2026-03-06 15:07:51,2026-03-06
2714625,BHARTIARTL,1870.1,9040804,0,,2026-03-06 15:07:51,2026-03-06 15:07:51,2026-03-06
341249,HDFCBANK,857.45,30355526,0,,2026-03-06 15:07:51,2026-03-06 15:07:51,2026-03-06
2939649,LT,3953.7,2168728,0,,2026-03-06 15:07:52,2026-03-06 15:07:52,2026-03-06
738561,RELIANCE,1405.4,17725519,0,,2026-03-06 15:07:52,2026-03-06 15:07:52,2026-03-06
4598529,NESTLEIND,1250.2,628438,0,,2026-03-06 15:07:52,2026-03-06 15:07:52,2026-03-06
2953217,TCS,2557.4,3548153,0,,2026-03-06 15:07:51,2026-03-06 15:07:51,2026-03-06
60417,ASIANPAINT,2283.3,837426,0,,2026-03-06 15:07:51,2026-03-06 15:07:51,2026-03-06
857857,SUNPHARMA,1800.9,3066708,0,,2026-03-06 15:07:51,2026-03-06 15:07:51,2026-03-06
341249,HDFCBANK,857.75,30364920,0,,2026-03-06 15:07:54,2026-03-06 15:07:54,2026-03-06
492033,KOTAKBANK,399.7,14825459,0,,2026-03-06 15:07:54,2026-03-06 15:07:54,2026-03-06
2953217,TCS,2557.5,3549026,0,,2026-03-06 15:07:54,2026-03-06 15:07:54,2026-03-06
81153,BAJFINANCE,950.15,5427913,0,,2026-03-06 15:07:54,2026-03-06 15:07:54,2026-03-06
857857,SUNPHARMA,1801.0,3068949,0,,2026-03-06 15:07:55,2026-03-06 15:07:55,2026-03-06
897537,TITAN,4255.4,462071,0,,2026-03-06 15:07:55,2026-03-06 15:07:55,2026-03-06
408065,INFY,1308.0,7718685,0,,2026-03-06 15:07:56,2026-03-06 15:07:56,2026-03-06
2953217,TCS,2557.8,3549204,0,,2026-03-06 15:07:56,2026-03-06 15:07:56,2026-03-06
969473,WIPRO,195.16,7237087,0,,2026-03-06 15:07:55,2026-03-06 15:07:55,2026-03-06
81153,BAJFINANCE,950.3,5428306,0,,2026-03-06 15:07:56,2026-03-06 15:07:56,2026-03-06
341249,HDFCBANK,857.8,30370511,0,,2026-03-06 15:07:56,2026-03-06 15:07:56,2026-03-06
738561,RELIANCE,1405.6,17729738,0,,2026-03-06 15:07:56,2026-03-06 15:07:56,2026-03-06
4598529,NESTLEIND,1250.1,628976,0,,2026-03-06 15:07:56,2026-03-06 15:07:56,2026-03-06
1270529,ICICIBANK,1312.4,19599414,0,,2026-03-06 15:07:56,2026-03-06 15:07:56,2026-03-06
1510401,AXISBANK,1316.7,10692757,0,,2026-03-06 15:07:56,2026-03-06 15:07:56,2026-03-06
2714625,BHARTIARTL,1870.1,9045427,0,,2026-03-06 15:07:57,2026-03-06 15:07:57,2026-03-06
2952193,ULTRACEMCO,12018.0,252830,0,,2026-03-06 15:07:56,2026-03-06 15:07:56,2026-03-06
2939649,LT,3953.4,2168815,0,,2026-03-06 15:07:57,2026-03-06 15:07:57,2026-03-06
1850625,HCLTECH,1357.1,1535045,0,,2026-03-06 15:07:57,2026-03-06 15:07:57,2026-03-06
2815745,MARUTI,14174.0,343647,0,,2026-03-06 15:07:58,2026-03-06 15:07:58,2026-03-06
408065,INFY,1308.2,7721562,0,,2026-03-06 15:07:58,2026-03-06 15:07:58,2026-03-06
81153,BAJFINANCE,950.3,5430294,0,,2026-03-06 15:07:58,2026-03-06 15:07:58,2026-03-06
2815745,MARUTI,14174.0,343658,0,,2026-03-06 15:07:59,2026-03-06 15:07:59,2026-03-06
341249,HDFCBANK,857.8,30377754,0,,2026-03-06 15:07:59,2026-03-06 15:07:59,2026-03-06
2952193,ULTRACEMCO,12018.0,252830,0,,2026-03-06 15:07:59,2026-03-06 15:07:59,2026-03-06
1850625,HCLTECH,1356.9,1535767,0,,2026-03-06 15:08:00,2026-03-06 15:08:00,2026-03-06
2953217,TCS,2557.5,3549606,0,,2026-03-06 15:08:00,2026-03-06 15:08:00,2026-03-06
424961,ITC,309.75,19989998,0,,2026-03-06 15:07:59,2026-03-06 15:07:59,2026-03-06
2714625,BHARTIARTL,1870.1,9048394,0,,2026-03-06 15:08:00,2026-03-06 15:08:00,2026-03-06
408065,INFY,1308.2,7722532,0,,2026-03-06 15:08:01,2026-03-06 15:08:01,2026-03-06
1270529,ICICIBANK,1312.3,19606073,0,,2026-03-06 15:08:00,2026-03-06 15:08:00,2026-03-06
969473,WIPRO,195.16,7259059,0,,2026-03-06 15:07:58,2026-03-06 15:07:58,2026-03-06
81153,BAJFINANCE,950.35,5431659,0,,2026-03-06 15:08:00,2026-03-06 15:08:00,2026-03-06
492033,KOTAKBANK,399.65,14836672,0,,2026-03-06 15:07:58,2026-03-06 15:07:58,2026-03-06
2939649,LT,3953.7,2168915,0,,2026-03-06 15:08:01,2026-03-06 15:08:01,2026-03-06
2714625,BHARTIARTL,1870.1,9048729,0,,2026-03-06 15:08:01,2026-03-06 15:08:01,2026-03-06
60417,ASIANPAINT,2283.4,837673,0,,2026-03-06 15:08:01,2026-03-06 15:08:01,2026-03-06
738561,RELIANCE,1405.6,17734381,0,,2026-03-06 15:08:01,2026-03-06 15:08:01,2026-03-06
1510401,AXISBANK,1316.9,10693985,0,,2026-03-06 15:08:01,2026-03-06 15:08:01,2026-03-06
341249,HDFCBANK,857.75,30382699,0,,2026-03-06 15:08:02,2026-03-06 15:08:02,2026-03-06
2815745,MARUTI,14173.0,343782,0,,2026-03-06 15:08:02,2026-03-06 15:08:02,2026-03-06
1270529,ICICIBANK,1312.1,19609319,0,,2026-03-06 15:08:02,2026-03-06 15:08:02,2026-03-06
81153,BAJFINANCE,950.35,5431687,0,,2026-03-06 15:08:02,2026-03-06 15:08:02,2026-03-06
4598529,NESTLEIND,1250.1,633343,0,,2026-03-06 15:08:02,2026-03-06 15:08:02,2026-03-06
897537,TITAN,4255.4,462249,0,,2026-03-06 15:08:02,2026-03-06 15:08:02,2026-03-06
341249,HDFCBANK,857.75,30384141,0,,2026-03-06 15:08:03,2026-03-06 15:08:03,2026-03-06
81153,BAJFINANCE,950.35,5433883,0,,2026-03-06 15:08:03,2026-03-06 15:08:03,2026-03-06
857857,SUNPHARMA,1801.0,3072540,0,,2026-03-06 15:08:01,2026-03-06 15:08:01,2026-03-06
2714625,BHARTIARTL,1869.8,9054489,0,,2026-03-06 15:08:03,2026-03-06 15:08:03,2026-03-06
2939649,LT,3953.5,2168973,0,,2026-03-06 15:08:04,2026-03-06 15:08:04,2026-03-06
356865,HINDUNILVR,2225.7,1345965,0,,2026-03-06 15:08:03,2026-03-06 15:08:03,2026-03-06
408065,INFY,1308.0,7729826,0,,2026-03-06 15:08:04,2026-03-06 15:08:04,2026-03-06
1850625,HCLTECH,1356.9,1537195,0,,2026-03-06 15:08:04,2026-03-06 15:08:04,2026-03-06
2953217,TCS,2557.5,3550264,0,,2026-03-06 15:08:04,2026-03-06 15:08:04,2026-03-06
341249,HDFCBANK,857.75,30385215,0,,2026-03-06 15:08:04,2026-03-06 15:08:04,2026-03-06
2939649,LT,3953.7,2169002,0,,2026-03-06 15:08:05,2026-03-06 15:08:05,2026-03-06
4598529,NESTLEIND,1250.0,633987,0,,2026-03-06 15:08:04,2026-03-06 15:08:04,2026-03-06
1270529,ICICIBANK,1312.1,19611801,0,,2026-03-06 15:08:04,2026-03-06 15:08:04,2026-03-06
81153,BAJFINANCE,950.35,5433887,0,,2026-03-06 15:08:04,2026-03-06 15:08:04,2026-03-06
1510401,AXISBANK,1316.9,10695128,0,,2026-03-06 15:08:04,2026-03-06 15:08:04,2026-03-06
2714625,BHARTIARTL,1869.9,9055995,0,,2026-03-06 15:08:04,2026-03-06 15:08:04,2026-03-06
2815745,MARUTI,14172.0,343833,0,,2026-03-06 15:08:04,2026-03-06 15:08:04,2026-03-06
738561,RELIANCE,1405.5,17737338,0,,2026-03-06 15:08:04,2026-03-06 15:08:04,2026-03-06
492033,KOTAKBANK,399.65,14847894,0,,2026-03-06 15:08:05,2026-03-06 15:08:05,2026-03-06
969473,WIPRO,195.19,7285535,0,,2026-03-06 15:08:05,2026-03-06 15:08:05,2026-03-06
341249,HDFCBANK,857.5,30404277,0,,2026-03-06 15:08:06,2026-03-06 15:08:06,2026-03-06
408065,INFY,1308.0,7731369,0,,2026-03-06 15:08:06,2026-03-06 15:08:06,2026-03-06
2952193,ULTRACEMCO,12016.0,252954,0,,2026-03-06 15:08:06,2026-03-06 15:08:06,2026-03-06
2714625,BHARTIARTL,1869.8,9056616,0,,2026-03-06 15:08:06,2026-03-06 15:08:06,2026-03-06
356865,HINDUNILVR,2225.6,1346143,0,,2026-03-06 15:08:06,2026-03-06 15:08:06,2026-03-06
81153,BAJFINANCE,950.25,5435581,0,,2026-03-06 15:08:07,2026-03-06 15:08:07,2026-03-06
857857,SUNPHARMA,1801.1,3072540,0,,2026-03-06 15:08:05,2026-03-06 15:08:05,2026-03-06
424961,ITC,309.8,20009384,0,,2026-03-06 15:08:05,2026-03-06 15:08:05,2026-03-06
2939649,LT,3952.4,2169115,0,,2026-03-06 15:08:07,2026-03-06 15:08:07,2026-03-06
4598529,NESTLEIND,1250.1,634406,0,,2026-03-06 15:08:07,2026-03-06 15:08:07,2026-03-06
1510401,AXISBANK,1316.8,10696240,0,,2026-03-06 15:08:08,2026-03-06 15:08:08,2026-03-06
738561,RELIANCE,1405.1,17758315,0,,2026-03-06 15:08:08,2026-03-06 15:08:08,2026-03-06
2953217,TCS,2556.7,3551308,0,,2026-03-06 15:08:08,2026-03-06 15:08:08,2026-03-06
408065,INFY,1307.8,7732043,0,,2026-03-06 15:08:09,2026-03-06 15:08:09,2026-03-06
2815745,MARUTI,14171.0,343916,0,,2026-03-06 15:08:09,2026-03-06 15:08:09,2026-03-06
2953217,TCS,2556.9,3551489,0,,2026-03-06 15:08:09,2026-03-06 15:08:09,2026-03-06
969473,WIPRO,195.16,7285535,0,,2026-03-06 15:08:09,2026-03-06 15:08:09,2026-03-06
897537,TITAN,4255.3,462526,0,,2026-03-06 15:08:08,2026-03-06 15:08:08,2026-03-06
2939649,LT,3952.6,2169235,0,,2026-03-06 15:08:10,2026-03-06 15:08:10,2026-03-06
1270529,ICICIBANK,1312.0,19618765,0,,2026-03-06 15:08:10,2026-03-06 15:08:10,2026-03-06
1270529,ICICIBANK,1311.7,19621110,0,,2026-03-06 15:08:11,2026-03-06 15:08:11,2026-03-06
81153,BAJFINANCE,950.15,5435822,0,,2026-03-06 15:08:11,2026-03-06 15:08:11,2026-03-06
60417,ASIANPAINT,2283.2,838279,0,,2026-03-06 15:08:11,2026-03-06 15:08:11,2026-03-06
2714625,BHARTIARTL,1869.1,9065202,0,,2026-03-06 15:08:12,2026-03-06 15:08:12,2026-03-06
2953217,TCS,2556.7,3551617,0,,2026-03-06 15:08:12,2026-03-06 15:08:12,2026-03-06
857857,SUNPHARMA,1801.5,3076504,0,,2026-03-06 15:08:12,2026-03-06 15:08:12,2026-03-06
2815745,MARUTI,14166.0,344038,0,,2026-03-06 15:08:12,2026-03-06 15:08:12,2026-03-06
2939649,LT,3953.3,2169313,0,,2026-03-06 15:08:12,2026-03-06 15:08:12,2026-03-06
356865,HINDUNILVR,2225.4,1346893,0,,2026-03-06 15:08:12,2026-03-06 15:08:12,2026-03-06
408065,INFY,1307.9,7733060,0,,2026-03-06 15:08:12,2026-03-06 15:08:12,2026-03-06
1270529,ICICIBANK,1311.7,19623501,0,,2026-03-06 15:08:13,2026-03-06 15:08:13,2026-03-06
2815745,MARUTI,14166.0,344038,0,,2026-03-06 15:08:13,2026-03-06 15:08:13,2026-03-06
2939649,LT,3953.5,2169321,0,,2026-03-06 15:08:13,2026-03-06 15:08:13,2026-03-06
738561,RELIANCE,1405.1,17764553,0,,2026-03-06 15:08:13,2026-03-06 15:08:13,2026-03-06
2714625,BHARTIARTL,1868.9,9065733,0,,2026-03-06 15:08:13,2026-03-06 15:08:13,2026-03-06
341249,HDFCBANK,857.4,30420576,0,,2026-03-06 15:08:13,2026-03-06 15:08:13,2026-03-06
1850625,HCLTECH,1357.0,1537892,0,,2026-03-06 15:08:13,2026-03-06 15:08:13,2026-03-06
81153,BAJFINANCE,950.1,5437612,0,,2026-03-06 15:08:13,2026-03-06 15:08:13,2026-03-06
2952193,ULTRACEMCO,12014.0,252984,0,,2026-03-06 15:08:13,2026-03-06 15:08:13,2026-03-06
408065,INFY,1307.8,7735110,0,,2026-03-06 15:08:13,2026-03-06 15:08:13,2026-03-06
2953217,TCS,2556.4,3551620,0,,2026-03-06 15:08:13,2026-03-06 15:08:13,2026-03-06
1850625,HCLTECH,1357.0,1537996,0,,2026-03-06 15:08:14,2026-03-06 15:08:14,2026-03-06
4598529,NESTLEIND,1249.9,635062,0,,2026-03-06 15:08:14,2026-03-06 15:08:14,2026-03-06
1270529,ICICIBANK,1311.7,19626970,0,,2026-03-06 15:08:15,2026-03-06 15:08:15,2026-03-06
341249,HDFCBANK,857.3,30423321,0,,2026-03-06 15:08:14,2026-03-06 15:08:14,2026-03-06
2815745,MARUTI,14169.0,344092,0,,2026-03-06 15:08:15,2026-03-06 15:08:15,2026-03-06
1850625,HCLTECH,1357.0,1538001,0,,2026-03-06 15:08:15,2026-03-06 15:08:15,2026-03-06
1510401,AXISBANK,1316.8,10697584,0,,2026-03-06 15:08:15,2026-03-06 15:08:15,2026-03-06
857857,SUNPHARMA,1801.5,3079059,0,,2026-03-06 15:08:15,2026-03-06 15:08:15,2026-03-06
408065,INFY,1307.8,7736242,0,,2026-03-06 15:08:15,2026-03-06 15:08:15,2026-03-06
81153,BAJFINANCE,950.1,5438816,0,,2026-03-06 15:08:15,2026-03-06 15:08:15,2026-03-06
2939649,LT,3953.4,2169514,0,,2026-03-06 15:08:15,2026-03-06 15:08:15,2026-03-06
738561,RELIANCE,1405.2,17765071,0,,2026-03-06 15:08:15,2026-03-06 15:08:15,2026-03-06
2953217,TCS,2556.4,3552021,0,,2026-03-06 15:08:16,2026-03-06 15:08:16,2026-03-06
341249,HDFCBANK,857.25,30426467,0,,2026-03-06 15:08:15,2026-03-06 15:08:15,2026-03-06
1270529,ICICIBANK,1311.6,19628243,0,,2026-03-06 15:08:16,2026-03-06 15:08:16,2026-03-06
2714625,BHARTIARTL,1869.0,9067923,0,,2026-03-06 15:08:16,2026-03-06 15:08:16,2026-03-06
738561,RELIANCE,1405.1,17770437,0,,2026-03-06 15:08:16,2026-03-06 15:08:16,2026-03-06
2939649,LT,3953.5,2169525,0,,2026-03-06 15:08:17,2026-03-06 15:08:17,2026-03-06
408065,INFY,1307.8,7736550,0,,2026-03-06 15:08:17,2026-03-06 15:08:17,2026-03-06
81153,BAJFINANCE,949.8,5439216,0,,2026-03-06 15:08:17,2026-03-06 15:08:17,2026-03-06
356865,HINDUNILVR,2225.4,1346893,0,,2026-03-06 15:08:16,2026-03-06 15:08:16,2026-03-06
1510401,AXISBANK,1316.9,10697885,0,,2026-03-06 15:08:17,2026-03-06 15:08:17,2026-03-06
738561,RELIANCE,1405.1,17777280,0,,2026-03-06 15:08:18,2026-03-06 15:08:18,2026-03-06
2953217,TCS,2556.3,3555438,0,,2026-03-06 15:08:19,2026-03-06 15:08:19,2026-03-06
492033,KOTAKBANK,399.65,14872974,0,,2026-03-06 15:08:19,2026-03-06 15:08:19,2026-03-06
2815745,MARUTI,14166.0,344237,0,,2026-03-06 15:08:19,2026-03-06 15:08:19,2026-03-06
1510401,AXISBANK,1316.9,10697926,0,,2026-03-06 15:08:19,2026-03-06 15:08:19,2026-03-06
2953217,TCS,2556.4,3555616,0,,2026-03-06 15:08:20,2026-03-06 15:08:20,2026-03-06
2952193,ULTRACEMCO,12013.0,253019,0,,2026-03-06 15:08:20,2026-03-06 15:08:20,2026-03-06
341249,HDFCBANK,857.3,30435639,0,,2026-03-06 15:08:20,2026-03-06 15:08:20,2026-03-06
356865,HINDUNILVR,2225.3,1347454,0,,2026-03-06 15:08:20,2026-03-06 15:08:20,2026-03-06
1850625,HCLTECH,1356.9,1539526,0,,2026-03-06 15:08:21,2026-03-06 15:08:21,2026-03-06
1270529,ICICIBANK,1311.6,19649792,0,,2026-03-06 15:08:21,2026-03-06 15:08:21,2026-03-06
2953217,TCS,2556.4,3555968,0,,2026-03-06 15:08:21,2026-03-06 15:08:21,2026-03-06
81153,BAJFINANCE,949.85,5439764,0,,2026-03-06 15:08:20,2026-03-06 15:08:20,2026-03-06
969473,WIPRO,195.16,7293896,0,,2026-03-06 15:08:20,2026-03-06 15:08:20,2026-03-06
60417,ASIANPAINT,2283.2,838603,0,,2026-03-06 15:08:21,2026-03-06 15:08:21,2026-03-06
408065,INFY,1307.7,7738230,0,,2026-03-06 15:08:22,2026-03-06 15:08:22,2026-03-06
2952193,ULTRACEMCO,12013.0,253019,0,,2026-03-06 15:08:21,2026-03-06 15:08:21,2026-03-06
1510401,AXISBANK,1316.9,10699970,0,,2026-03-06 15:08:22,2026-03-06 15:08:22,2026-03-06
2815745,MARUTI,14169.0,344288,0,,2026-03-06 15:08:22,2026-03-06 15:08:22,2026-03-06
2939649,LT,3953.4,2169578,0,,2026-03-06 15:08:22,2026-03-06 15:08:22,2026-03-06
341249,HDFCBANK,857.3,30441196,0,,2026-03-06 15:08:23,2026-03-06 15:08:23,2026-03-06
969473,WIPRO,195.1,7293896,0,,2026-03-06 15:08:22,2026-03-06 15:08:22,2026-03-06
408065,INFY,1307.8,7740063,0,,2026-03-06 15:08:23,2026-03-06 15:08:23,2026-03-06
738561,RELIANCE,1405.1,17780771,0,,2026-03-06 15:08:22,2026-03-06 15:08:22,2026-03-06
60417,ASIANPAINT,2283.0,838603,0,,2026-03-06 15:08:22,2026-03-06 15:08:22,2026-03-06
2714625,BHARTIARTL,1868.8,9077423,0,,2026-03-06 15:08:23,2026-03-06 15:08:23,2026-03-06
356865,HINDUNILVR,2225.3,1347454,0,,2026-03-06 15:08:23,2026-03-06 15:08:23,2026-03-06
2953217,TCS,2556.4,3556425,0,,2026-03-06 15:08:23,2026-03-06 15:08:23,2026-03-06
81153,BAJFINANCE,949.5,5439768,0,,2026-03-06 15:08:23,2026-03-06 15:08:23,2026-03-06
492033,KOTAKBANK,399.65,14872974,0,,2026-03-06 15:08:23,2026-03-06 15:08:23,2026-03-06
857857,SUNPHARMA,1801.3,3082454,0,,2026-03-06 15:08:23,2026-03-06 15:08:23,2026-03-06
2952193,ULTRACEMCO,12014.0,253038,0,,2026-03-06 15:08:23,2026-03-06 15:08:23,2026-03-06
2815745,MARUTI,14165.0,344290,0,,2026-03-06 15:08:24,2026-03-06 15:08:24,2026-03-06
4598529,NESTLEIND,1249.7,635357,0,,2026-03-06 15:08:23,2026-03-06 15:08:23,2026-03-06
2939649,LT,3953.4,2169754,0,,2026-03-06 15:08:24,2026-03-06 15:08:24,2026-03-06
4598529,NESTLEIND,1249.9,635357,0,,2026-03-06 15:08:24,2026-03-06 15:08:24,2026-03-06
1270529,ICICIBANK,1311.6,19665339,0,,2026-03-06 15:08:24,2026-03-06 15:08:24,2026-03-06
2953217,TCS,2556.3,3556658,0,,2026-03-06 15:08:24,2026-03-06 15:08:24,2026-03-06
60417,ASIANPAINT,2283.0,838603,0,,2026-03-06 15:08:24,2026-03-06 15:08:24,2026-03-06
857857,SUNPHARMA,1801.3,3082454,0,,2026-03-06 15:08:24,2026-03-06 15:08:24,2026-03-06
356865,HINDUNILVR,2225.2,1347454,0,,2026-03-06 15:08:24,2026-03-06 15:08:24,2026-03-06
897537,TITAN,4252.6,465907,0,,2026-03-06 15:08:24,2026-03-06 15:08:24,2026-03-06
341249,HDFCBANK,857.3,30442516,0,,2026-03-06 15:08:25,2026-03-06 15:08:25,2026-03-06
2815745,MARUTI,14164.0,344295,0,,2026-03-06 15:08:25,2026-03-06 15:08:25,2026-03-06
81153,BAJFINANCE,949.8,5439935,0,,2026-03-06 15:08:24,2026-03-06 15:08:24,2026-03-06
969473,WIPRO,195.14,7296552,0,,2026-03-06 15:08:25,2026-03-06 15:08:25,2026-03-06
424961,ITC,309.75,20020623,0,,2026-03-06 15:08:26,2026-03-06 15:08:26,2026-03-06
2714625,BHARTIARTL,1868.7,9078863,0,,2026-03-06 15:08:26,2026-03-06 15:08:26,2026-03-06
1850625,HCLTECH,1356.9,1540293,0,,2026-03-06 15:08:26,2026-03-06 15:08:26,2026-03-06
1270529,ICICIBANK,1311.6,19667028,0,,2026-03-06 15:08:27,2026-03-06 15:08:27,2026-03-06
857857,SUNPHARMA,1800.9,3082454,0,,2026-03-06 15:08:27,2026-03-06 15:08:27,2026-03-06
2952193,ULTRACEMCO,12014.0,253038,0,,2026-03-06 15:08:27,2026-03-06 15:08:27,2026-03-06
2815745,MARUTI,14165.0,344309,0,,2026-03-06 15:08:28,2026-03-06 15:08:28,2026-03-06
738561,RELIANCE,1405.2,17788238,0,,2026-03-06 15:08:28,2026-03-06 15:08:28,2026-03-06
2952193,ULTRACEMCO,12014.0,253038,0,,2026-03-06 15:08:28,2026-03-06 15:08:28,2026-03-06
356865,HINDUNILVR,2225.3,1347669,0,,2026-03-06 15:08:28,2026-03-06 15:08:28,2026-03-06
2714625,BHARTIARTL,1868.7,9080773,0,,2026-03-06 15:08:28,2026-03-06 15:08:28,2026-03-06
897537,TITAN,4252.4,466094,0,,2026-03-06 15:08:28,2026-03-06 15:08:28,2026-03-06
492033,KOTAKBANK,399.7,14875772,0,,2026-03-06 15:08:29,2026-03-06 15:08:29,2026-03-06
4598529,NESTLEIND,1249.8,635375,0,,2026-03-06 15:08:28,2026-03-06 15:08:28,2026-03-06
1510401,AXISBANK,1316.9,10704974,0,,2026-03-06 15:08:29,2026-03-06 15:08:29,2026-03-06
738561,RELIANCE,1405.1,17789688,0,,2026-03-06 15:08:29,2026-03-06 15:08:29,2026-03-06
1270529,ICICIBANK,1311.3,19668599,0,,2026-03-06 15:08:29,2026-03-06 15:08:29,2026-03-06
60417,ASIANPAINT,2283.2,840235,0,,2026-03-06 15:08:29,2026-03-06 15:08:29,2026-03-06
2939649,LT,3953.2,2170199,0,,2026-03-06 15:08:29,2026-03-06 15:08:29,2026-03-06
408065,INFY,1307.7,7747203,0,,2026-03-06 15:08:29,2026-03-06 15:08:29,2026-03-06
2714625,BHARTIARTL,1868.7,9080776,0,,2026-03-06 15:08:30,2026-03-06 15:08:30,2026-03-06
424961,ITC,309.7,20020623,0,,2026-03-06 15:08:30,2026-03-06 15:08:30,2026-03-06
969473,WIPRO,195.12,7296552,0,,2026-03-06 15:08:30,2026-03-06 15:08:30,2026-03-06
341249,HDFCBANK,857.3,30451105,0,,2026-03-06 15:08:30,2026-03-06 15:08:30,2026-03-06
2939649,LT,3952.6,2170325,0,,2026-03-06 15:08:30,2026-03-06 15:08:30,2026-03-06
738561,RELIANCE,1405.2,17790623,0,,2026-03-06 15:08:30,2026-03-06 15:08:30,2026-03-06
1850625,HCLTECH,1356.7,1540569,0,,2026-03-06 15:08:30,2026-03-06 15:08:30,2026-03-06
2953217,TCS,2556.3,3558485,0,,2026-03-06 15:08:30,2026-03-06 15:08:30,2026-03-06
2815745,MARUTI,14165.0,344330,0,,2026-03-06 15:08:30,2026-03-06 15:08:30,2026-03-06
60417,ASIANPAINT,2283.2,840235,0,,2026-03-06 15:08:30,2026-03-06 15:08:30,2026-03-06
356865,HINDUNILVR,2225.3,1347669,0,,2026-03-06 15:08:30,2026-03-06 15:08:30,2026-03-06
408065,INFY,1307.9,7748509,0,,2026-03-06 15:08:30,2026-03-06 15:08:30,2026-03-06
492033,KOTAKBANK,399.7,14875772,0,,2026-03-06 15:08:31,2026-03-06 15:08:31,2026-03-06
2952193,ULTRACEMCO,12014.0,253107,0,,2026-03-06 15:08:30,2026-03-06 15:08:30,2026-03-06
341249,HDFCBANK,857.25,30456316,0,,2026-03-06 15:08:31,2026-03-06 15:08:31,2026-03-06
408065,INFY,1308.1,7749090,0,,2026-03-06 15:08:31,2026-03-06 15:08:31,2026-03-06
2714625,BHARTIARTL,1868.7,9082378,0,,2026-03-06 15:08:32,2026-03-06 15:08:32,2026-03-06
738561,RELIANCE,1405.1,17791901,0,,2026-03-06 15:08:32,2026-03-06 15:08:32,2026-03-06
81153,BAJFINANCE,949.6,5451801,0,,2026-03-06 15:08:32,2026-03-06 15:08:32,2026-03-06
857857,SUNPHARMA,1801.1,3087067,0,,2026-03-06 15:08:32,2026-03-06 15:08:32,2026-03-06
4598529,NESTLEIND,1249.6,636790,0,,2026-03-06 15:08:32,2026-03-06 15:08:32,2026-03-06
81153,BAJFINANCE,949.9,5451801,0,,2026-03-06 15:08:32,2026-03-06 15:08:32,2026-03-06
4598529,NESTLEIND,1249.6,636818,0,,2026-03-06 15:08:33,2026-03-06 15:08:33,2026-03-06
1510401,AXISBANK,1316.9,10715099,0,,2026-03-06 15:08:33,2026-03-06 15:08:33,2026-03-06
857857,SUNPHARMA,1800.1,3087067,0,,2026-03-06 15:08:33,2026-03-06 15:08:33,2026-03-06
408065,INFY,1308.0,7749999,0,,2026-03-06 15:08:33,2026-03-06 15:08:33,2026-03-06
1850625,HCLTECH,1356.7,1541095,0,,2026-03-06 15:08:34,2026-03-06 15:08:34,2026-03-06
492033,KOTAKBANK,399.7,14888751,0,,2026-03-06 15:08:33,2026-03-06 15:08:33,2026-03-06
2815745,MARUTI,14165.0,344408,0,,2026-03-06 15:08:35,2026-03-06 15:08:35,2026-03-06
408065,INFY,1308.1,7751040,0,,2026-03-06 15:08:34,2026-03-06 15:08:34,2026-03-06
4598529,NESTLEIND,1249.6,636818,0,,2026-03-06 15:08:34,2026-03-06 15:08:34,2026-03-06
1270529,ICICIBANK,1311.4,19681787,0,,2026-03-06 15:08:35,2026-03-06 15:08:35,2026-03-06
897537,TITAN,4252.0,466351,0,,2026-03-06 15:08:35,2026-03-06 15:08:35,2026-03-06
341249,HDFCBANK,857.4,30465490,0,,2026-03-06 15:08:35,2026-03-06 15:08:35,2026-03-06
1850625,HCLTECH,1356.7,1541609,0,,2026-03-06 15:08:36,2026-03-06 15:08:36,2026-03-06
2953217,TCS,2556.3,3559685,0,,2026-03-06 15:08:36,2026-03-06 15:08:36,2026-03-06
4598529,NESTLEIND,1249.3,636838,0,,2026-03-06 15:08:36,2026-03-06 15:08:36,2026-03-06
1510401,AXISBANK,1316.9,10718926,0,,2026-03-06 15:08:37,2026-03-06 15:08:37,2026-03-06
2815745,MARUTI,14169.0,344485,0,,2026-03-06 15:08:38,2026-03-06 15:08:38,2026-03-06
2939649,LT,3952.4,2170537,0,,2026-03-06 15:08:38,2026-03-06 15:08:38,2026-03-06
2815745,MARUTI,14169.0,344485,0,,2026-03-06 15:08:39,2026-03-06 15:08:39,2026-03-06
408065,INFY,1308.0,7752625,0,,2026-03-06 15:08:39,2026-03-06 15:08:39,2026-03-06
81153,BAJFINANCE,950.2,5453429,0,,2026-03-06 15:08:38,2026-03-06 15:08:38,2026-03-06
356865,HINDUNILVR,2225.2,1348993,0,,2026-03-06 15:08:39,2026-03-06 15:08:39,2026-03-06
738561,RELIANCE,1405.2,17800592,0,,2026-03-06 15:08:39,2026-03-06 15:08:39,2026-03-06
424961,ITC,309.65,20037272,0,,2026-03-06 15:08:39,2026-03-06 15:08:39,2026-03-06
969473,WIPRO,195.1,7307473,0,,2026-03-06 15:08:38,2026-03-06 15:08:38,2026-03-06
2714625,BHARTIARTL,1870.8,9126301,0,,2026-03-06 15:08:40,2026-03-06 15:08:40,2026-03-06
4598529,NESTLEIND,1249.2,636957,0,,2026-03-06 15:08:41,2026-03-06 15:08:41,2026-03-06
2953217,TCS,2556.6,3561604,0,,2026-03-06 15:08:40,2026-03-06 15:08:40,2026-03-06
2815745,MARUTI,14167.0,344486,0,,2026-03-06 15:08:41,2026-03-06 15:08:41,2026-03-06
738561,RELIANCE,1405.2,17800682,0,,2026-03-06 15:08:40,2026-03-06 15:08:40,2026-03-06
897537,TITAN,4251.8,466351,0,,2026-03-06 15:08:40,2026-03-06 15:08:40,2026-03-06
341249,HDFCBANK,857.45,30477986,0,,2026-03-06 15:08:41,2026-03-06 15:08:41,2026-03-06
81153,BAJFINANCE,950.2,5455378,0,,2026-03-06 15:08:41,2026-03-06 15:08:41,2026-03-06
1270529,ICICIBANK,1312.0,19691482,0,,2026-03-06 15:08:42,2026-03-06 15:08:42,2026-03-06
1850625,HCLTECH,1355.5,1547113,0,,2026-03-06 15:08:42,2026-03-06 15:08:42,2026-03-06
4598529,NESTLEIND,1249.2,637046,0,,2026-03-06 15:08:43,2026-03-06 15:08:43,2026-03-06
738561,RELIANCE,1405.1,17802692,0,,2026-03-06 15:08:43,2026-03-06 15:08:43,2026-03-06
2714625,BHARTIARTL,1870.7,9127986,0,,2026-03-06 15:08:43,2026-03-06 15:08:43,2026-03-06
341249,HDFCBANK,857.5,30482830,0,,2026-03-06 15:08:43,2026-03-06 15:08:43,2026-03-06
2815745,MARUTI,14170.0,344518,0,,2026-03-06 15:08:43,2026-03-06 15:08:43,2026-03-06
1270529,ICICIBANK,1311.9,19692554,0,,2026-03-06 15:08:44,2026-03-06 15:08:44,2026-03-06
81153,BAJFINANCE,950.2,5456562,0,,2026-03-06 15:08:44,2026-03-06 15:08:44,2026-03-06
2939649,LT,3951.8,2171064,0,,2026-03-06 15:08:44,2026-03-06 15:08:44,2026-03-06
2953217,TCS,2557.0,3562556,0,,2026-03-06 15:08:44,2026-03-06 15:08:44,2026-03-06
1510401,AXISBANK,1317.1,10722517,0,,2026-03-06 15:08:45,2026-03-06 15:08:45,2026-03-06
1270529,ICICIBANK,1312.0,19693978,0,,2026-03-06 15:08:45,2026-03-06 15:08:45,2026-03-06
1850625,HCLTECH,1356.5,1549227,0,,2026-03-06 15:08:45,2026-03-06 15:08:45,2026-03-06
2953217,TCS,2557.0,3562648,0,,2026-03-06 15:08:46,2026-03-06 15:08:46,2026-03-06
81153,BAJFINANCE,950.55,5457315,0,,2026-03-06 15:08:46,2026-03-06 15:08:46,2026-03-06
60417,ASIANPAINT,2283.3,843099,0,,2026-03-06 15:08:44,2026-03-06 15:08:44,2026-03-06
424961,ITC,309.65,20040709,0,,2026-03-06 15:08:45,2026-03-06 15:08:45,2026-03-06
4598529,NESTLEIND,1249.2,637132,0,,2026-03-06 15:08:47,2026-03-06 15:08:47,2026-03-06
1270529,ICICIBANK,1311.9,19695940,0,,2026-03-06 15:08:47,2026-03-06 15:08:47,2026-03-06
341249,HDFCBANK,857.6,30489778,0,,2026-03-06 15:08:48,2026-03-06 15:08:48,2026-03-06
2714625,BHARTIARTL,1870.5,9131628,0,,2026-03-06 15:08:48,2026-03-06 15:08:48,2026-03-06
81153,BAJFINANCE,950.5,5458110,0,,2026-03-06 15:08:48,2026-03-06 15:08:48,2026-03-06
1510401,AXISBANK,1317.1,10722909,0,,2026-03-06 15:08:48,2026-03-06 15:08:48,2026-03-06
2815745,MARUTI,14172.0,350627,0,,2026-03-06 15:08:48,2026-03-06 15:08:48,2026-03-06
738561,RELIANCE,1405.2,17804532,0,,2026-03-06 15:08:48,2026-03-06 15:08:48,2026-03-06
2815745,MARUTI,14172.0,350632,0,,2026-03-06 15:08:49,2026-03-06 15:08:49,2026-03-06
4598529,NESTLEIND,1249.2,637281,0,,2026-03-06 15:08:49,2026-03-06 15:08:49,2026-03-06
2714625,BHARTIARTL,1870.6,9132445,0,,2026-03-06 15:08:49,2026-03-06 15:08:49,2026-03-06
1270529,ICICIBANK,1312.0,19698547,0,,2026-03-06 15:08:49,2026-03-06 15:08:49,2026-03-06
2939649,LT,3951.6,2171883,0,,2026-03-06 15:08:50,2026-03-06 15:08:50,2026-03-06
408065,INFY,1307.8,7757211,0,,2026-03-06 15:08:50,2026-03-06 15:08:50,2026-03-06
2952193,ULTRACEMCO,12013.0,253234,0,,2026-03-06 15:08:48,2026-03-06 15:08:48,2026-03-06
1850625,HCLTECH,1356.1,1550868,0,,2026-03-06 15:08:51,2026-03-06 15:08:51,2026-03-06
2714625,BHARTIARTL,1870.3,9135412,0,,2026-03-06 15:08:53,2026-03-06 15:08:53,2026-03-06
1850625,HCLTECH,1356.1,1550922,0,,2026-03-06 15:08:53,2026-03-06 15:08:53,2026-03-06
1510401,AXISBANK,1317.0,10724503,0,,2026-03-06 15:08:54,2026-03-06 15:08:54,2026-03-06
857857,SUNPHARMA,1801.4,3102146,0,,2026-03-06 15:08:54,2026-03-06 15:08:54,2026-03-06
1270529,ICICIBANK,1312.2,19703805,0,,2026-03-06 15:08:54,2026-03-06 15:08:54,2026-03-06
2815745,MARUTI,14175.0,352539,0,,2026-03-06 15:08:54,2026-03-06 15:08:54,2026-03-06
408065,INFY,1308.0,7759010,0,,2026-03-06 15:08:53,2026-03-06 15:08:53,2026-03-06
738561,RELIANCE,1404.3,17830905,0,,2026-03-06 15:08:54,2026-03-06 15:08:54,2026-03-06
2953217,TCS,2557.0,3564270,0,,2026-03-06 15:08:55,2026-03-06 15:08:55,2026-03-06
1510401,AXISBANK,1317.1,10726352,0,,2026-03-06 15:08:55,2026-03-06 15:08:55,2026-03-06
2939649,LT,3952.6,2172209,0,,2026-03-06 15:08:55,2026-03-06 15:08:55,2026-03-06
738561,RELIANCE,1404.4,17832622,0,,2026-03-06 15:08:56,2026-03-06 15:08:56,2026-03-06
1850625,HCLTECH,1356.3,1551137,0,,2026-03-06 15:08:55,2026-03-06 15:08:55,2026-03-06
1510401,AXISBANK,1317.0,10726704,0,,2026-03-06 15:08:56,2026-03-06 15:08:56,2026-03-06
897537,TITAN,4251.4,466793,0,,2026-03-06 15:08:56,2026-03-06 15:08:56,2026-03-06
341249,HDFCBANK,857.65,30503360,0,,2026-03-06 15:08:56,2026-03-06 15:08:56,2026-03-06
408065,INFY,1308.0,7760333,0,,2026-03-06 15:08:56,2026-03-06 15:08:56,2026-03-06
4598529,NESTLEIND,1249.2,637647,0,,2026-03-06 15:08:56,2026-03-06 15:08:56,2026-03-06
1850625,HCLTECH,1356.3,1551646,0,,2026-03-06 15:08:56,2026-03-06 15:08:56,2026-03-06
1270529,ICICIBANK,1312.2,19705408,0,,2026-03-06 15:08:56,2026-03-06 15:08:56,2026-03-06
2953217,TCS,2557.1,3564454,0,,2026-03-06 15:08:56,2026-03-06 15:08:56,2026-03-06
2815745,MARUTI,14172.0,352553,0,,2026-03-06 15:08:56,2026-03-06 15:08:56,2026-03-06
2939649,LT,3952.6,2172233,0,,2026-03-06 15:08:57,2026-03-06 15:08:57,2026-03-06
738561,RELIANCE,1404.3,17838870,0,,2026-03-06 15:08:57,2026-03-06 15:08:57,2026-03-06
81153,BAJFINANCE,950.2,5467369,0,,2026-03-06 15:08:57,2026-03-06 15:08:57,2026-03-06
738561,RELIANCE,1404.9,17854427,0,,2026-03-06 15:08:58,2026-03-06 15:08:58,2026-03-06
1270529,ICICIBANK,1312.2,19708064,0,,2026-03-06 15:08:58,2026-03-06 15:08:58,2026-03-06
81153,BAJFINANCE,950.2,5468262,0,,2026-03-06 15:08:58,2026-03-06 15:08:58,2026-03-06
2714625,BHARTIARTL,1870.3,9139144,0,,2026-03-06 15:08:57,2026-03-06 15:08:57,2026-03-06
492033,KOTAKBANK,399.6,14941998,0,,2026-03-06 15:08:57,2026-03-06 15:08:57,2026-03-06
2815745,MARUTI,14175.0,352571,0,,2026-03-06 15:08:57,2026-03-06 15:08:57,2026-03-06
408065,INFY,1308.0,7761229,0,,2026-03-06 15:08:57,2026-03-06 15:08:57,2026-03-06
341249,HDFCBANK,857.65,30505497,0,,2026-03-06 15:08:58,2026-03-06 15:08:58,2026-03-06
2953217,TCS,2556.9,3564850,0,,2026-03-06 15:08:58,2026-03-06 15:08:58,2026-03-06
424961,ITC,309.65,20047996,0,,2026-03-06 15:08:58,2026-03-06 15:08:58,2026-03-06
2714625,BHARTIARTL,1870.1,9139600,0,,2026-03-06 15:08:58,2026-03-06 15:08:58,2026-03-06
1270529,ICICIBANK,1312.4,19709780,0,,2026-03-06 15:08:59,2026-03-06 15:08:59,2026-03-06
2953217,TCS,2556.9,3564850,0,,2026-03-06 15:08:59,2026-03-06 15:08:59,2026-03-06
2939649,LT,3952.5,2172377,0,,2026-03-06 15:09:00,2026-03-06 15:09:00,2026-03-06
738561,RELIANCE,1404.5,17857299,0,,2026-03-06 15:09:00,2026-03-06 15:09:00,2026-03-06
1510401,AXISBANK,1317.4,10728748,0,,2026-03-06 15:09:00,2026-03-06 15:09:00,2026-03-06
897537,TITAN,4251.4,466993,0,,2026-03-06 15:09:00,2026-03-06 15:09:00,2026-03-06
2815745,MARUTI,14173.0,352599,0,,2026-03-06 15:09:00,2026-03-06 15:09:00,2026-03-06
408065,INFY,1308.0,7763069,0,,2026-03-06 15:09:00,2026-03-06 15:09:00,2026-03-06
857857,SUNPHARMA,1801.5,3104454,0,,2026-03-06 15:09:00,2026-03-06 15:09:00,2026-03-06
81153,BAJFINANCE,950.2,5470948,0,,2026-03-06 15:09:01,2026-03-06 15:09:01,2026-03-06
341249,HDFCBANK,857.65,30510730,0,,2026-03-06 15:09:01,2026-03-06 15:09:01,2026-03-06
4598529,NESTLEIND,1249.6,639062,0,,2026-03-06 15:09:01,2026-03-06 15:09:01,2026-03-06
1510401,AXISBANK,1317.4,10729751,0,,2026-03-06 15:09:01,2026-03-06 15:09:01,2026-03-06
2939649,LT,3952.4,2173069,0,,2026-03-06 15:09:01,2026-03-06 15:09:01,2026-03-06
1850625,HCLTECH,1356.9,1554756,0,,2026-03-06 15:09:01,2026-03-06 15:09:01,2026-03-06
2953217,TCS,2557.6,3570921,0,,2026-03-06 15:09:01,2026-03-06 15:09:01,2026-03-06
2815745,MARUTI,14174.0,352952,0,,2026-03-06 15:09:01,2026-03-06 15:09:01,2026-03-06
408065,INFY,1308.0,7768943,0,,2026-03-06 15:09:01,2026-03-06 15:09:01,2026-03-06
738561,RELIANCE,1404.9,17861624,0,,2026-03-06 15:09:02,2026-03-06 15:09:02,2026-03-06
1510401,AXISBANK,1317.4,10730640,0,,2026-03-06 15:09:02,2026-03-06 15:09:02,2026-03-06
81153,BAJFINANCE,950.3,5472747,0,,2026-03-06 15:09:02,2026-03-06 15:09:02,2026-03-06
341249,HDFCBANK,857.65,30518198,0,,2026-03-06 15:09:02,2026-03-06 15:09:02,2026-03-06
408065,INFY,1308.4,7770959,0,,2026-03-06 15:09:02,2026-03-06 15:09:02,2026-03-06
2952193,ULTRACEMCO,12012.0,253302,0,,2026-03-06 15:09:02,2026-03-06 15:09:02,2026-03-06
738561,RELIANCE,1404.8,17866241,0,,2026-03-06 15:09:03,2026-03-06 15:09:03,2026-03-06
4598529,NESTLEIND,1250.0,640069,0,,2026-03-06 15:09:02,2026-03-06 15:09:02,2026-03-06
2714625,BHARTIARTL,1870.1,9143018,0,,2026-03-06 15:09:02,2026-03-06 15:09:02,2026-03-06
897537,TITAN,4254.6,468431,0,,2026-03-06 15:09:03,2026-03-06 15:09:03,2026-03-06
1510401,AXISBANK,1317.4,10731495,0,,2026-03-06 15:09:03,2026-03-06 15:09:03,2026-03-06
1850625,HCLTECH,1357.1,1555811,0,,2026-03-06 15:09:03,2026-03-06 15:09:03,2026-03-06
1270529,ICICIBANK,1312.9,19727446,0,,2026-03-06 15:09:04,2026-03-06 15:09:04,2026-03-06
81153,BAJFINANCE,950.45,5472963,0,,2026-03-06 15:09:04,2026-03-06 15:09:04,2026-03-06
341249,HDFCBANK,857.65,30526527,0,,2026-03-06 15:09:04,2026-03-06 15:09:04,2026-03-06
4598529,NESTLEIND,1250.0,640585,0,,2026-03-06 15:09:04,2026-03-06 15:09:04,2026-03-06
897537,TITAN,4254.7,468435,0,,2026-03-06 15:09:04,2026-03-06 15:09:04,2026-03-06
2815745,MARUTI,14178.0,353083,0,,2026-03-06 15:09:04,2026-03-06 15:09:04,2026-03-06
81153,BAJFINANCE,950.65,5473471,0,,2026-03-06 15:09:05,2026-03-06 15:09:05,2026-03-06
2714625,BHARTIARTL,1870.1,9147897,0,,2026-03-06 15:09:05,2026-03-06 15:09:05,2026-03-06
1510401,AXISBANK,1317.4,10734231,0,,2026-03-06 15:09:05,2026-03-06 15:09:05,2026-03-06
738561,RELIANCE,1404.9,17868567,0,,2026-03-06 15:09:06,2026-03-06 15:09:06,2026-03-06
2815745,MARUTI,14177.0,353088,0,,2026-03-06 15:09:06,2026-03-06 15:09:06,2026-03-06
341249,HDFCBANK,857.9,30539908,0,,2026-03-06 15:09:07,2026-03-06 15:09:07,2026-03-06
81153,BAJFINANCE,950.2,5475241,0,,2026-03-06 15:09:08,2026-03-06 15:09:08,2026-03-06
857857,SUNPHARMA,1801.4,3109362,0,,2026-03-06 15:09:08,2026-03-06 15:09:08,2026-03-06
4598529,NESTLEIND,1249.9,641166,0,,2026-03-06 15:09:09,2026-03-06 15:09:09,2026-03-06
1270529,ICICIBANK,1313.5,19739108,0,,2026-03-06 15:09:09,2026-03-06 15:09:09,2026-03-06
1510401,AXISBANK,1317.9,10738470,0,,2026-03-06 15:09:09,2026-03-06 15:09:09,2026-03-06
2714625,BHARTIARTL,1870.0,9150317,0,,2026-03-06 15:09:09,2026-03-06 15:09:09,2026-03-06
2815745,MARUTI,14178.0,353140,0,,2026-03-06 15:09:10,2026-03-06 15:09:10,2026-03-06
1850625,HCLTECH,1357.3,1557900,0,,2026-03-06 15:09:10,2026-03-06 15:09:10,2026-03-06
60417,ASIANPAINT,2284.5,845181,0,,2026-03-06 15:09:10,2026-03-06 15:09:10,2026-03-06
2952193,ULTRACEMCO,12016.0,253669,0,,2026-03-06 15:09:09,2026-03-06 15:09:09,2026-03-06
969473,WIPRO,195.3,7352014,0,,2026-03-06 15:09:10,2026-03-06 15:09:10,2026-03-06
2815745,MARUTI,14182.0,353151,0,,2026-03-06 15:09:11,2026-03-06 15:09:11,2026-03-06
408065,INFY,1308.5,7774384,0,,2026-03-06 15:09:11,2026-03-06 15:09:11,2026-03-06
341249,HDFCBANK,857.9,30558778,0,,2026-03-06 15:09:11,2026-03-06 15:09:11,2026-03-06
492033,KOTAKBANK,399.6,14952891,0,,2026-03-06 15:09:11,2026-03-06 15:09:11,2026-03-06
738561,RELIANCE,1405.1,17871701,0,,2026-03-06 15:09:11,2026-03-06 15:09:11,2026-03-06
81153,BAJFINANCE,950.4,5475365,0,,2026-03-06 15:09:11,2026-03-06 15:09:11,2026-03-06
2939649,LT,3954.4,2174391,0,,2026-03-06 15:09:11,2026-03-06 15:09:11,2026-03-06
2714625,BHARTIARTL,1870.6,9165980,0,,2026-03-06 15:09:12,2026-03-06 15:09:12,2026-03-06
341249,HDFCBANK,858.0,30561446,0,,2026-03-06 15:09:12,2026-03-06 15:09:12,2026-03-06
2939649,LT,3954.1,2174427,0,,2026-03-06 15:09:12,2026-03-06 15:09:12,2026-03-06
2815745,MARUTI,14181.0,353171,0,,2026-03-06 15:09:12,2026-03-06 15:09:12,2026-03-06
738561,RELIANCE,1405.1,17872378,0,,2026-03-06 15:09:13,2026-03-06 15:09:13,2026-03-06
341249,HDFCBANK,858.0,30566239,0,,2026-03-06 15:09:14,2026-03-06 15:09:14,2026-03-06
2815745,MARUTI,14182.0,353196,0,,2026-03-06 15:09:14,2026-03-06 15:09:14,2026-03-06
2714625,BHARTIARTL,1870.7,9167339,0,,2026-03-06 15:09:14,2026-03-06 15:09:14,2026-03-06
1270529,ICICIBANK,1313.6,19744064,0,,2026-03-06 15:09:15,2026-03-06 15:09:15,2026-03-06
857857,SUNPHARMA,1801.5,3114493,0,,2026-03-06 15:09:15,2026-03-06 15:09:15,2026-03-06
2952193,ULTRACEMCO,12025.0,253813,0,,2026-03-06 15:09:14,2026-03-06 15:09:14,2026-03-06
4598529,NESTLEIND,1250.0,641688,0,,2026-03-06 15:09:15,2026-03-06 15:09:15,2026-03-06
1850625,HCLTECH,1357.3,1558669,0,,2026-03-06 15:09:15,2026-03-06 15:09:15,2026-03-06
897537,TITAN,4254.1,468979,0,,2026-03-06 15:09:16,2026-03-06 15:09:16,2026-03-06
408065,INFY,1308.6,7780462,0,,2026-03-06 15:09:15,2026-03-06 15:09:15,2026-03-06
341249,HDFCBANK,857.85,30585188,0,,2026-03-06 15:09:16,2026-03-06 15:09:16,2026-03-06
2953217,TCS,2558.0,3576185,0,,2026-03-06 15:09:16,2026-03-06 15:09:16,2026-03-06
81153,BAJFINANCE,949.65,5478213,0,,2026-03-06 15:09:16,2026-03-06 15:09:16,2026-03-06
1510401,AXISBANK,1317.8,10743388,0,,2026-03-06 15:09:16,2026-03-06 15:09:16,2026-03-06
2714625,BHARTIARTL,1870.8,9169897,0,,2026-03-06 15:09:16,2026-03-06 15:09:16,2026-03-06
2939649,LT,3954.7,2174648,0,,2026-03-06 15:09:16,2026-03-06 15:09:16,2026-03-06
738561,RELIANCE,1405.0,17873747,0,,2026-03-06 15:09:16,2026-03-06 15:09:16,2026-03-06
341249,HDFCBANK,857.75,30585566,0,,2026-03-06 15:09:17,2026-03-06 15:09:17,2026-03-06
1270529,ICICIBANK,1313.7,19749048,0,,2026-03-06 15:09:17,2026-03-06 15:09:17,2026-03-06
81153,BAJFINANCE,950.1,5478989,0,,2026-03-06 15:09:17,2026-03-06 15:09:17,2026-03-06
1510401,AXISBANK,1317.6,10743407,0,,2026-03-06 15:09:17,2026-03-06 15:09:17,2026-03-06
2714625,BHARTIARTL,1870.9,9172196,0,,2026-03-06 15:09:18,2026-03-06 15:09:18,2026-03-06
2815745,MARUTI,14182.0,353220,0,,2026-03-06 15:09:18,2026-03-06 15:09:18,2026-03-06
408065,INFY,1308.6,7782192,0,,2026-03-06 15:09:18,2026-03-06 15:09:18,2026-03-06
738561,RELIANCE,1405.0,17875771,0,,2026-03-06 15:09:19,2026-03-06 15:09:19,2026-03-06
4598529,NESTLEIND,1250.0,641892,0,,2026-03-06 15:09:18,2026-03-06 15:09:18,2026-03-06
60417,ASIANPAINT,2284.2,845343,0,,2026-03-06 15:09:18,2026-03-06 15:09:18,2026-03-06
81153,BAJFINANCE,950.1,5479385,0,,2026-03-06 15:09:19,2026-03-06 15:09:19,2026-03-06
2939649,LT,3954.9,2174889,0,,2026-03-06 15:09:19,2026-03-06 15:09:19,2026-03-06
356865,HINDUNILVR,2225.9,1356872,0,,2026-03-06 15:09:18,2026-03-06 15:09:18,2026-03-06
341249,HDFCBANK,857.95,30590681,0,,2026-03-06 15:09:19,2026-03-06 15:09:19,2026-03-06
4598529,NESTLEIND,1250.0,641989,0,,2026-03-06 15:09:19,2026-03-06 15:09:19,2026-03-06
2815745,MARUTI,14182.0,353337,0,,2026-03-06 15:09:20,2026-03-06 15:09:20,2026-03-06
2939649,LT,3955.0,2174893,0,,2026-03-06 15:09:20,2026-03-06 15:09:20,2026-03-06
738561,RELIANCE,1405.1,17875811,0,,2026-03-06 15:09:20,2026-03-06 15:09:20,2026-03-06
408065,INFY,1308.6,7782820,0,,2026-03-06 15:09:20,2026-03-06 15:09:20,2026-03-06
4598529,NESTLEIND,1249.9,641991,0,,2026-03-06 15:09:20,2026-03-06 15:09:20,2026-03-06
1850625,HCLTECH,1357.2,1559423,0,,2026-03-06 15:09:20,2026-03-06 15:09:20,2026-03-06
81153,BAJFINANCE,949.85,5479437,0,,2026-03-06 15:09:20,2026-03-06 15:09:20,2026-03-06
1510401,AXISBANK,1317.4,10744126,0,,2026-03-06 15:09:20,2026-03-06 15:09:20,2026-03-06
424961,ITC,309.65,20085478,0,,2026-03-06 15:09:20,2026-03-06 15:09:20,2026-03-06
1850625,HCLTECH,1357.2,1559439,0,,2026-03-06 15:09:21,2026-03-06 15:09:21,2026-03-06
2953217,TCS,2558.0,3576950,0,,2026-03-06 15:09:20,2026-03-06 15:09:20,2026-03-06
897537,TITAN,4253.9,469304,0,,2026-03-06 15:09:20,2026-03-06 15:09:20,2026-03-06
2815745,MARUTI,14182.0,353362,0,,2026-03-06 15:09:21,2026-03-06 15:09:21,2026-03-06
408065,INFY,1308.6,7782992,0,,2026-03-06 15:09:21,2026-03-06 15:09:21,2026-03-06
857857,SUNPHARMA,1801.5,3117873,0,,2026-03-06 15:09:20,2026-03-06 15:09:20,2026-03-06
897537,TITAN,4253.3,469413,0,,2026-03-06 15:09:21,2026-03-06 15:09:21,2026-03-06
341249,HDFCBANK,857.95,30591407,0,,2026-03-06 15:09:21,2026-03-06 15:09:21,2026-03-06
356865,HINDUNILVR,2225.9,1356872,0,,2026-03-06 15:09:20,2026-03-06 15:09:20,2026-03-06
738561,RELIANCE,1405.1,17876174,0,,2026-03-06 15:09:21,2026-03-06 15:09:21,2026-03-06
1270529,ICICIBANK,1313.9,19757154,0,,2026-03-06 15:09:21,2026-03-06 15:09:21,2026-03-06
2953217,TCS,2558.0,3576950,0,,2026-03-06 15:09:21,2026-03-06 15:09:21,2026-03-06
1510401,AXISBANK,1317.7,10744126,0,,2026-03-06 15:09:21,2026-03-06 15:09:21,2026-03-06
2939649,LT,3954.5,2175048,0,,2026-03-06 15:09:21,2026-03-06 15:09:21,2026-03-06
4598529,NESTLEIND,1250.0,641991,0,,2026-03-06 15:09:21,2026-03-06 15:09:21,2026-03-06
81153,BAJFINANCE,949.75,5479491,0,,2026-03-06 15:09:21,2026-03-06 15:09:21,2026-03-06
2714625,BHARTIARTL,1870.8,9173734,0,,2026-03-06 15:09:22,2026-03-06 15:09:22,2026-03-06
738561,RELIANCE,1405.2,17876659,0,,2026-03-06 15:09:23,2026-03-06 15:09:23,2026-03-06
2815745,MARUTI,14175.0,353394,0,,2026-03-06 15:09:23,2026-03-06 15:09:23,2026-03-06
2815745,MARUTI,14178.0,353418,0,,2026-03-06 15:09:24,2026-03-06 15:09:24,2026-03-06
2953217,TCS,2557.6,3577283,0,,2026-03-06 15:09:24,2026-03-06 15:09:24,2026-03-06
1510401,AXISBANK,1317.6,10745937,0,,2026-03-06 15:09:24,2026-03-06 15:09:24,2026-03-06
60417,ASIANPAINT,2284.0,845991,0,,2026-03-06 15:09:23,2026-03-06 15:09:23,2026-03-06
2939649,LT,3953.6,2175242,0,,2026-03-06 15:09:24,2026-03-06 15:09:24,2026-03-06
408065,INFY,1308.4,7787925,0,,2026-03-06 15:09:24,2026-03-06 15:09:24,2026-03-06
738561,RELIANCE,1405.1,17876884,0,,2026-03-06 15:09:24,2026-03-06 15:09:24,2026-03-06
1850625,HCLTECH,1356.7,1560410,0,,2026-03-06 15:09:24,2026-03-06 15:09:24,2026-03-06
1270529,ICICIBANK,1313.9,19759125,0,,2026-03-06 15:09:24,2026-03-06 15:09:24,2026-03-06
81153,BAJFINANCE,949.6,5479872,0,,2026-03-06 15:09:24,2026-03-06 15:09:24,2026-03-06
969473,WIPRO,195.23,7362154,0,,2026-03-06 15:09:24,2026-03-06 15:09:24,2026-03-06
2714625,BHARTIARTL,1870.7,9177012,0,,2026-03-06 15:09:25,2026-03-06 15:09:25,2026-03-06
897537,TITAN,4253.0,469560,0,,2026-03-06 15:09:25,2026-03-06 15:09:25,2026-03-06
2939649,LT,3953.6,2175244,0,,2026-03-06 15:09:25,2026-03-06 15:09:25,2026-03-06
969473,WIPRO,195.2,7362154,0,,2026-03-06 15:09:25,2026-03-06 15:09:25,2026-03-06
2714625,BHARTIARTL,1870.8,9177018,0,,2026-03-06 15:09:26,2026-03-06 15:09:26,2026-03-06
2815745,MARUTI,14173.0,353425,0,,2026-03-06 15:09:25,2026-03-06 15:09:25,2026-03-06
1850625,HCLTECH,1356.6,1560431,0,,2026-03-06 15:09:25,2026-03-06 15:09:25,2026-03-06
341249,HDFCBANK,857.85,30601962,0,,2026-03-06 15:09:26,2026-03-06 15:09:26,2026-03-06
492033,KOTAKBANK,399.6,14980246,0,,2026-03-06 15:09:25,2026-03-06 15:09:25,2026-03-06
408065,INFY,1308.2,7788591,0,,2026-03-06 15:09:26,2026-03-06 15:09:26,2026-03-06
738561,RELIANCE,1405.2,17877110,0,,2026-03-06 15:09:25,2026-03-06 15:09:25,2026-03-06
4598529,NESTLEIND,1249.6,642318,0,,2026-03-06 15:09:25,2026-03-06 15:09:25,2026-03-06
81153,BAJFINANCE,949.5,5479904,0,,2026-03-06 15:09:26,2026-03-06 15:09:26,2026-03-06
897537,TITAN,4252.7,469571,0,,2026-03-06 15:09:26,2026-03-06 15:09:26,2026-03-06
341249,HDFCBANK,857.8,30601962,0,,2026-03-06 15:09:26,2026-03-06 15:09:26,2026-03-06
1850625,HCLTECH,1356.7,1560457,0,,2026-03-06 15:09:26,2026-03-06 15:09:26,2026-03-06
424961,ITC,309.7,20093466,0,,2026-03-06 15:09:26,2026-03-06 15:09:26,2026-03-06
2953217,TCS,2557.4,3578329,0,,2026-03-06 15:09:26,2026-03-06 15:09:26,2026-03-06
